3600 5834
852 509 941 564 seire

148 667 231 720 sciri
260 670 293 720 ee
321 631 543 720 6161666611.
583 665 621 719 cr.
648 666 867 733 1616666,

148 756 232 806 quae
257 737 399 791 scienda
422 747 511 800 sunt,
535 739 749 806 praeterisse
774 737 867 791 vide·

148 827 248 862 amur.
278 808 339 862 Car.
353 809 513 877 8,7quem‚
527 811 688 876 quantum
708 827 729 862 6.
749 826 866 878 possu-

150 899 231 944 mus,
260 880 437 948 aegritudine
460 883 572 933 constat
596 881 784 948 absumptum.
823 879 866 933 AS

147 952 191 1019 66,
210 952 227 1003 2
247 955 360 1005 tantum
386 969 406 1004 6.
431 951 542 1005 debetis
561 982 596 990 —
615 968 638 1004 6.
657 969 679 1004 s.
699 956 761 1017 66);
788 950 830 1016 66,
850 951 867 1005 3

148 1027 267 1091 agentes
286 1026 354 1076 ante
373 1022 473 1083 omnia,
497 1039 532 1075 ne
551 1023 631 1089 quid
655 1023 734 1076 sciat.
754 1055 788 1063 -
807 1024 866 1077 Ael.

146 1096 173 1163 3,
200 1095 218 1147 9
246 1098 278 1147 61
306 1112 369 1147 eum
398 1094 473 1147 dicat
501 1096 624 1148 cuncta
652 1095 686 1147 de
715 1111 744 1147 se
773 1095 866 1149 scisse.

149 1167 202 1219 Gd.
231 1167 275 1225 24,
303 1166 320 1217 6
349 1166 394 1233 661
424 1165 517 1218 omnia
544 1165 671 1232 requirat
700 1169 728 1218 et
756 1167 867 1220 omnia

149 1235 867 1297 661116.(119,76186661.6666166616.Τ66.

150 1312 192 1377 11,
212 1309 227 1361 7
253 1309 340 1377 6666
360 1308 386 1361 61
412 1307 485 1376 6616
509 1308 621 1362 omnia
644 1309 683 1361 de
707 1306 770 1361 hoc
795 1308 867 1361 viro

147 1380 292 1462 cupita,
312 1380 452 1447 legat-.
482 1378 665 1461 2628661,
678 1397 741 1433 eum
760 1380 867 1433 multa

147 1451 420 1514 6616116,6.6ι6116
448 1451 547 1518 plura
574 1450 685 1518 cupitis.
723 1448 769 1503 AC
796 1452 866 1515 3,1

149 1523 360 1591 nequeenim
378 1522 530 1590 plurade
550 1521 696 1575 hissciri
716 1526 866 1589 possunt.

148 1624 184 1633 —-
204 1593 249 1647 AC
269 1594 329 1660 2,2
360 1593 412 1646 6616
435 1594 508 1646 enim
532 1593 628 1660 proaii
654 1594 695 1645 tui
724 1593 864 1646 dictum.

147 1665 191 1718 As
205 1666 278 1728 463
297 1682 333 1717 66
354 1664 616 1733 dispositionem
629 1665 783 1718 Romanam
801 1664 867 1717 bar-

147 1736 209 1790 bari
227 1737 339 1789 scirent.
378 1737 439 1802 114,
459 1737 475 1786 l
495 1739 607 1789 constat
625 1735 703 1788 illam
722 1736 869 1790 mulierem

148 1808 234 1861 scisse
252 1807 385 1860 fatalia.
423 1807 528 1866 Α61.3,
551 1806 568 1859 8
593 1807 675 1859 Η66ι
694 1806 760 1860 Veri
783 1807 868 1860 scisse

148 1880 353 1949 genituram.
392 1877 437 1931 Aa
457 1879 482 1944 9,
501 1879 518 1929 5
537 1878 571 1930 Si
590 1878 666 1946 6616
684 1910 719 1918 -
739 1896 868 1932 omnem

148 1952 234 2005 hanc
254 1949 434 2003 historiam
454 1968 474 2003 s.
495 1950 684 2012 desiderat,
709 1950 805 2019 legat

148 2023 173 2075 Η
189 2023 231 2085 16,
245 2021 447 2074 lmathesin
465 2020 538 2073 sies
558 2021 610 2073 sibi
623 2020 699 2074 visus
712 2024 764 2084 est
783 2025 867 2074 ut—.

149 2093 203 2146 OM
228 2097 249 2162 1,
273 2095 290 2145 5
319 2094 366 2160 qui
395 2096 535 2159 (mores)
564 2110 599 2145 re
626 2109 706 2145 vera
734 2063 869 2146 6616661

148 2164 289 2241 6661Ρ
319 2168 342 2233 6,
370 2164 387 2215 3
415 2181 466 2217 nec
494 2164 611 2232 parendi
637 2164 691 2216 scis
719 2164 868 2218 necessi-

148 2240 239 2288 tates
268 2243 333 2301 (666
364 2235 574 2288 necessitatem!
606 2236 709 2303 6666196
734 2251 765 2303 p.
797 2238 868 2299 377)

149 2309 173 2360 Η
195 2308 236 2376 10,
254 2307 271 2360 8
291 2310 323 2360 61
341 2307 394 2359 sibi
407 2324 517 2375 semper
536 2306 704 2359 6611666661
723 2315 752 2359 61
772 2324 868 2360 eorum

149 2396 308 2431 numerus
327 2378 454 2431 sciretur.
490 2377 542 2431 MB
556 2378 581 2441 6,
595 2378 612 2429 6
630 2377 738 2430 sciebat
750 2379 868 2447 populus

150 2450 209 2503 eius
239 2450 394 2504 censoriam
422 2450 688 2517 praefecturam.
727 2449 774 2501 AP
798 2449 823 2513 7,
851 2449 868 2501 8

148 2522 303 2574 66116666
341 2520 464 2573 omnium
500 2520 707 2588 provinciarum
741 2521 868 2589 adprime

149 2593 233 2645 scivit
246 2599 276 2644 et
288 2592 476 2661 vectigalium.
513 2590 560 2645 Ao
573 2592 598 2654 5,
612 2592 627 2643 7
642 2592 687 2660 (cf.
700 2608 786 2658 cupre
798 2596 824 2652 2.
839 2596 868 2656 2)

149 2665 204 2716 scis
224 2665 299 2716 enirn
319 2681 452 2715 versum
472 2680 488 2715 6
506 2664 580 2716 6666
600 2669 685 2731 poeta
706 2664 811 2716 dictum
826 2699 868 2716 -.

149 2735 194 2787 As
208 2737 264 2797 14
284 2735 329 2802 661
350 2735 417 2787 vim
436 2734 479 2786 sui
492 2735 615 2802 corporis
635 2734 726 2788 sciret.
758 2734 783 2786 H
797 2736 868 2803 11,4

149 2823 201 2858 666
222 2807 403 2859 adverterent
425 2806 507 2859 amici
531 2805 593 2858 sciri
619 2807 653 2859 ab
682 2807 765 2874 impe
789 2823 868 2859 suam

151 2879 268 2930 vitam.
285 2910 314 2916 -
330 2878 356 2942 6)
376 2877 522 2945 aliquem.
555 2877 609 2929 MA
625 2877 665 2939 10,
678 2879 695 2930 5
708 2894 760 2930 666
773 2895 868 2945 quem·

149 2966 235 3016 quam
266 2949 294 3001 in
326 2949 453 3001 ordinem
483 2947 565 3014 legit,
596 2948 648 3001 nisi
680 2966 777 3017 quem
808 2949 868 3017 ipse

150 3021 236 3072 bene
264 3020 399 3072 scisset.
437 3018 482 3074 (16.
503 3019 562 3079 2,1
594 3037 706 3087 prorsus
735 3023 768 3072 ut
796 3037 867 3087 eum,

149 3109 233 3158 quem
253 3109 370 3159 puerum
395 3091 525 3156 scierant,
548 3091 629 3143 multi
653 3108 714 3144 esse
733 3109 789 3145 non
808 3109 868 3146 cre·

150 3165 259 3218 derant,
298 3162 320 3227 Q
344 3163 369 3225 3,
393 3163 410 3214 5
436 3164 582 3230 <quam>
610 3162 775 3227 (mulieres),
804 3163 869 3230 quia

150 3239 180 3287 61
199 3251 273 3287 nune
294 3235 381 3287 scitur
404 3236 433 3287 et
461 3233 526 3286 seiri
549 3234 623 3299 apud
644 3239 772 3302 posteros
796 3234 868 3286 nihil

149 3305 285 3373 proderit.
309 3310 398 3359 taceo.
422 3336 457 3343 —
487 3304 541 3357 ClA
562 3305 604 3365 14,
628 3305 645 3356 5
673 3305 728 3357 iam
751 3336 786 3343 -
809 3306 868 3359 ho·

148 3377 271 3430 minem
308 3377 385 3429 scitis
422 3376 501 3429 vebis
538 3376 671 3428 militibus
708 3377 867 3445 populoque

150 3449 300 3500 vitandum
333 3456 379 3503 lec.
411 3447 502 3512 66661).
542 3447 632 3505 1121,
661 3448 678 3498 2
706 3447 868 3501 Libertas

149 3537 214 3572 suos
233 3536 286 3573 nec
310 3520 373 3572 sciri
393 3519 481 3571 voluit
504 3518 533 3569 in
556 3518 668 3586 publico
692 3536 743 3572 nee
761 3519 868 3587 aliquid

149 3591 226 3659 apud
245 3609 274 3643 se
294 3608 383 3657 posse.
422 3589 464 3642 AS
484 3590 526 3652 21,
546 3590 563 3641 6
587 3589 717 3642 Milites
741 3608 804 3643 suos
828 3591 868 3644 sie

148 3663 253 3730 ubique
273 3662 363 3727 scirit,
384 3664 475 3713 ut
515 3660 568 3713 OM
589 3664 613 3725 1,
635 3664 648 3712 1
673 3679 736 3714 eum
756 3662 868 3717 omnino

149 3751 185 3786 ne
218 3733 356 3786 scirentur
387 3733 500 3800 quidem
534 3732 582 3797 (illi
613 3732 787 3802 principes
819 3751 868 3786 seu

148 3805 262 3872 tyranni
285 3803 517 3871 enecassem),
541 3803 594 3856 nisi
618 3804 808 3873 adspirassent
831 3805 868 3857 ad

148 3877 305 3944 imperium.
344 3879 367 3928 A
389 3880 411 3933 1,
431 3876 447 3927 5
467 3875 540 3942 Ergo
560 3875 760 3940 Thersitam,
790 3877 869 3930 8166-

148 3965 213 3999 nem
234 3978 267 3986 -
288 3951 379 4000 etnos
398 3947 483 4000 bene
502 3946 624 4000 scimus
644 3951 673 3999 et
692 3948 799 4015 posteri
812 3947 868 4002 166-

147 4019 338 4086 quentabunt:
359 4018 454 4070 divum
464 4019 545 4070 dum
556 4049 589 4056 —
603 4019 707 4085 posteri
722 4020 867 4072 nescient?

149 4089 172 4142 T
200 4090 243 4155 30,
275 4090 307 4142 12
334 4093 371 4142 61
399 4107 438 4143 66
467 4090 577 4141 virum
605 4107 698 4141 suum
731 4090 868 4158 quidem

148 4160 272 4214 scierit
291 4161 344 4213 nisi
362 4161 510 4229 temptatis
530 4161 768 4228 conceptionibus.

185 4232 213 4298 3)
234 4250 255 4286 c.
276 4233 324 4296 ins.
352 4232 398 4285 PN
418 4233 443 4294 7,
463 4233 479 4284 2
504 4232 579 4300 6666
598 4232 674 4300 prius
694 4233 868 4301 deponerent

147 4307 320 4373 potestatem
339 4321 424 4371 quam
443 4304 548 4355 scirent
567 4303 771 4357 administrare.
803 4303 867 4358 Tae.

148 4380 174 4443 8,
188 4377 265 4442 6661
285 4376 361 4428 661116
374 4375 513 4443 principes
527 4374 692 4442 adprobare.
729 4375 781 4429 Gd.
796 4377 837 4438 29,
851 4376 868 4428 4

148 4447 197 4514 qui
217 4447 334 4500 militem
358 4447 514 4513 gubernare
535 4455 618 4504 1-6661
636 4447 713 4510 666),
735 4448 783 4515 661
808 4466 868 4501 rem

149 4537 176 4587 p.
209 4518 302 4571 sciret.
345 4517 367 4570 T
396 4518 421 4579 8,
455 4519 486 4569 12
518 4517 563 4585 661
595 4536 689 4584 66666.
722 4519 867 4587 quiequam

149 4589 246 4642 scierit
268 4591 391 4642 tractare
415 4589 467 4641 nisi
495 4589 609 4642 ferrum.
648 4589 705 4642 Vel.
728 4590 788 4652 1,6
816 4607 867 4657 ego

148 4661 277 4730 gratulor
297 4660 425 4714 felicitati
450 4665 525 4719 1666,
548 4660 570 4712 si
594 4664 690 4714 tamen
711 4661 758 4713 illa
776 4661 817 4714 uti
836 4665 868 4714 tu

149 4733 200 4801 (sic
219 4733 272 4785 PB
291 4738 308 4784 t.
328 4731 364 4784 D.
384 4731 452 4784 J-E.
472 4737 502 4784 16
522 4748 571 4785 666.
592 4733 685 4798 Peter)
704 4733 783 4785 66166.

186 4804 213 4868 4)
238 4822 259 4858 c.
285 4820 338 4857 666.
363 4820 384 4857 c.
408 4803 457 4866 inf.
496 4804 519 4854 A
543 4803 586 4864 10,
609 4803 626 4855 3
648 4803 739 4857 661666
762 4822 817 4858 666
837 4804 868 4856 11-

149 4876 251 4929 666166
279 4875 334 4928 iam
362 4874 466 4927 milites
495 4875 654 4943 accipere
684 4875 781 4945 impes
812 4893 867 4938 666,

148 4964 277 5014 6666-
279 4946 373 5000 ..Τ66
401 4947 440 5002 11,
468 4947 479 4997 1
505 4963 568 4998 cum
596 4946 681 4998 sciret
709 4920 868 5000 adiuratum

149 5035 211 5071 esse
239 5018 267 5069 in
296 5021 395 5070 senatu
419 5017 557 5077 Tacitum,
580 5021 669 5068 ut-
672 5018 737 5071 C.l.
757 5019 783 5073 5.
802 5019 869 5070 661

148 5107 201 5156 ego
221 5090 278 5142 scio
297 5089 409 5157 saepius
428 5089 502 5141 inter
514 5088 686 5156 gladiatores
706 5089 786 5143 bonis
806 5108 868 5158 pro·

147 5161 352 5229 pugnatoribus
365 5161 417 5214 hoe
435 5177 536 5214 nomen
553 5161 717 5228 adpositum.
749 5162 793 5215 AS
813 5163 868 5225 0,2

1590 503 1643 557 679

923 665 998 735 6666
1011 665 1141 718 66166166
1156 663 1305 718 honoribus
1316 663 1373 717 suis
1383 663 1523 733 agendum
1534 671 1578 729 l:
1592 664 1644 728 ins.

921 739 994 803 sut).
1024 736 1046 801 Q
1066 737 1126 799 6,1
1146 735 1236 789 Haeo
1254 753 1313 789 666
1334 737 1373 788 66
1393 735 1502 790 Firmo
1522 753 1643 818 eogno-

922 809 1061 862 visses.
1085 807 1246 861 debuisti.
1285 805 1324 860 (11.
1351 807 1390 872 16,
1416 805 1592 863 101666-

922 879 1149 962 Thermopylas
1142 896 1182 932 ire
1201 879 1441 959 praecepimus-
1456 879 1576 932 seientes
1594 897 1644 933 66-

922 952 1025 1004 minem
1039 950 1301 1004 6666666616-
1316 966 1377 1003 esse
1395 950 1564 1003 curaturum.
1598 950 1642 1007 (16.

924 1022 964 1084 10,
984 1023 1001 1075 3
1021 1021 1251 1089 666616661166),
1271 1021 1445 1074 6166166166
1466 1022 1543 1090 leges
1563 1023 1643 1076 dare

922 1109 996 1155 vere,
1026 1094 1101 1146 solus
1129 1092 1281 1161 prohibere
1311 1092 1462 1146 debuisset.
1512 1093 1538 1144 A
1564 1093 1644 1156 48‚5

922 1164 1067 1218 sciendum
1087 1166 1183 1217 tamen
1203 1163 1345 1232 congiaria
1363 1164 1442 1216 illum
1461 1166 1506 1216 ter
1519 1164 1642 1224 dedisse:

923 1237 948 1299 1,
974 1239 987 1288 1
1014 1235 1165 1301 Η11661666,
1190 1235 1290 1302 661666
1313 1236 1407 1289 omnia
1432 1235 1508 1288 festa
1532 1239 1560 1288 et
1583 1235 1643 1289 fieri

923 1308 1027 1361 debere
1041 1307 1142 1360 scimus
1156 1308 1185 1359 et
1199 1306 1261 1360 dici.
1293 1303 1332 1358 (11.
1354 1307 1394 1375 16,
1407 1306 1424 1358 4
1442 1307 1513 1360 scias
1531 1310 1643 1361 tantum

924 1379 949 1432 ei
969 1396 985 1432 a
1003 1379 1084 1432 nobis
1103 1378 1247 1431 decretum
1270 1376 1364 1430 salarii
1382 1408 1424 1434 -.
1443 1377 1467 1429 V
1487 1380 1511 1440 1,
1532 1380 1545 1430 1
1567 1378 1642 1434 8616

922 1450 1107 1518 plerosque
1139 1449 1189 1501 ite
1221 1449 1325 1501 vitam
1357 1448 1463 1502 Marci
1494 1465 1531 1502 ac
1566 1450 1640 1504 Veri

922 1521 1057 1575 litteris
1098 1524 1201 1587 atque
1243 1520 1414 1574 historiae
1451 1520 1643 1590 dedicasse,

974 1624 1016 1643 -.
1046 1592 1098 1645 ΟΜ
1110 1592 1165 1658 6,3
1185 1591 1292 1644 6616661
1311 1592 1346 1644 66
1367 1590 1536 1646 vestimenta
1550 1623 1582 1632 —
1596 1612 1643 1662 po·

922 1599 988 1717 uislo
1008 1665 1075 1716 data
1093 1663 1211 1716 multum
1230 1664 1343 1715 Antum
1363 1680 1380 1716 a
1399 1663 1482 1732 plebe
1501 1664 1642 1720 dilectum.

922 1683 982 1788 isal.
996 1735 1022 1804 8,
1035 1734 1052 1787 3
1065 1735 1106 1787 Et
1124 1734 1279 1802 quoniam
1293 1735 1362 1788 scio
1382 1751 1497 1788 errare
1515 1735 1642 1804 pleros·

923 1825 999 1874 que,
1024 1807 1080 1874 qui
1103 1837 1146 1859 -.
1179 1806 1203 1858 H
1227 1805 1253 1867 8,
1272 1805 1289 1858 3
1313 1808 1344 1858 61
1362 1806 1448 1859 661661
1470 1807 1564 1874 populi
1583 1824 1642 1861 rem

923 1895 1013 1941 csse,
1033 1896 1087 1930 non
1106 1878 1257 1945 propriam.
1300 1877 1374 1930 Max.
1400 1877 1441 1936 19.
1460 1878 1477 1928 2
1499 1878 1589 1931 661666
1607 1910 1641 1918 -

825 1981 867 2002 -.
923 1949 951 2001 16
971 1949 1063 2002 Maxu
1084 1949 1203 2002 multum
1225 1965 1285 2001 esse
1308 1948 1426 2001 roboris.
1464 1948 1554 2012 Tra,
1577 1949 1640 2003 681
1679 2001 1682 2008 ,

923 2021 990 2087 6616
1010 2022 1040 2073 16
1058 2023 1087 2074 16
1106 2021 1196 2073 66666
1215 2020 1305 2087 frugis
1324 2023 1375 2086 661,
1395 2037 1478 2087 qnam
1497 2037 1558 2074 6666
1572 2021 1641 2084 6616;

925 2093 967 2155 19,
980 2093 996 2144 2
1015 2092 1159 2144 inimicum
1177 2091 1229 2143 sibi
1250 2107 1310 2144 esse
1330 2097 1376 2159 (sc.
1396 2101 1464 2156 6666)
1477 2123 1512 2130 -
1525 2093 1642 2146 sciebat.

923 2165 948 2215 A
966 2162 1047 2228 43,6
1074 2166 1110 2216 61
1136 2163 1325 2232 prudentia
1352 2167 1410 2216 tua
1439 2163 1546 2216 sciret
1574 2163 1643 2217 nihil

924 2251 984 2288 esse
1008 2233 1148 2288 difficilius
1171 2234 1244 2287 bono
1267 2233 1401 2302 principe.
1445 2233 1498 2287 Dd.
1523 2235 1547 2302 7,
1570 2238 1588 2287 4
1611 2238 1644 2288 61

923 2306 1029 2359 6616661
1057 2323 1153 2358 omnes
1180 2308 1278 2358 Antos
1306 2306 1393 2374 pluris
1421 2303 1529 2359 fuisse
1557 2323 1642 2374 quam

924 2379 999 2431 deos.
1036 2377 1098 2430 Hel.
1120 2381 1142 2438 1,
1164 2377 1177 2427 1
1199 2394 1234 2429 66
1253 2376 1418 2444 6616161666
1438 2382 1485 2441 (sc.
1498 2385 1567 2442 eum)
1587 2378 1643 2432 Ro·

924 2466 1072 2502 manorum
1091 2448 1247 2517 principem
1271 2447 1368 2512 sciret-3
1392 2447 1435 2511 33,
1455 2449 1472 2500 8
1491 2449 1643 2502 scientibus

924 2521 1031 2574 eunctis
1050 2521 1134 2572 istum
1152 2519 1267 2572 Antum
1288 2519 1436 2572 -falsum
1454 2520 1548 2573 161666.
1571 2520 1642 2574 Gall.

925 2591 967 2658 17,
988 2596 1000 2643 1
1018 2590 1161 2644 ‘Sciebam
1179 2608 1225 2644 me
1244 2591 1408 2657 genuisse
1432 2592 1587 2645 mortalem'
1607 2624 1642 2632 -

919 2663 1060 2717 ‘Sciebam
1085 2666 1196 2731 patrem
1220 2679 1313 2715 meum
1337 2679 1397 2715 esse
1415 2663 1579 2716 mortalem'
1600 2663 1642 2716 As

923 2735 967 2797 37,
981 2734 995 2786 7
1011 2752 1080 2802 6666
1093 2734 1201 2787 6616661
1213 2750 1263 2802 per
1278 2750 1307 2786 se
1326 2751 1382 2786 non
1400 2733 1528 2787 habere
1549 2747 1642 2801 [vena-

923 2807 1048 2869 tionem).
1080 2805 1124 2857 Pr.
1138 2805 1162 2870 7,
1176 2804 1193 2857 3
1211 2804 1356 2859 sciendum
1369 2804 1420 2858 tihi
1440 2807 1483 2858 661
1496 2806 1551 2858 1616
1569 2825 1642 2860 6666

923 2878 1026 2930 umeris
1050 2876 1139 2946 magis
1163 2876 1358 2930 incubuisse
1377 2893 1437 2929 rem
1456 2895 1482 2945 p.
1519 2878 1543 2929 A
1564 2878 1607 2939 19,
1625 2879 1642 2930 2

922 2949 1000 3002 661116
1024 2985 1052 2993 -
1072 2948 1125 3016 ipsi
1144 2979 1178 2986 —
1192 2965 1239 3001 eos
1252 2948 1358 3013 (libros)
1370 2965 1481 3016 semper
1492 2948 1642 3017 inspectos.

923 3020 977 3072 MA
1000 3019 1043 3081 17,
1062 3021 1079 3072 6
1102 3022 1142 3082 61,
1165 3019 1188 3071 61
1211 3020 1272 3086 6616
1295 3019 1381 3072 vellet
1404 3023 1500 3088 empta
1523 3021 1642 3074 reddere

924 3122 966 3159 -‚
999 3091 1084 3145 661661
1115 3091 1231 3143 licere.
1285 3089 1308 3142 Τ
1335 3089 1379 3152 22,
1412 3091 1444 3142 12
1476 3110 1496 3143 6.
1529 3099 1643 3160 opertet

923 3163 1096 3216 Herennium
1121 3160 1230 3215 Celsum
1258 3193 1290 3200 —
1313 3162 1374 3224 hoc,
1399 3163 1472 3229 6666
1493 3163 1643 3219 666166661.

922 3253 978 3287 666
999 3235 1091 3288 116666.
1128 3233 1171 3286 As
1185 3233 1258 3298 64,4
1278 3232 1352 3286 8616
1366 3250 1445 3286 6666
1459 3235 1642 3302 plerosque

923 3323 1051 3373 negare
1073 3334 1113 3358 -.
1135 3305 1186 3357 ΜΒ
1207 3306 1262 3372 2,2
1280 3304 1351 3369 8616,
1370 3323 1396 3372 p.
1417 3322 1449 3367 c.,
1469 3305 1541 3359 hanc
1560 3307 1642 3359 rebus

923 3380 1002 3431 novis
1026 3378 1118 3430 inesse
1142 3381 1305 3444 oportere
1330 3377 1525 3439 constantiam,
1548 3381 1580 3429 ut
1598 3411 1642 3431 -.

923 3448 969 3501 Ac
988 3449 1014 3510 5,
1033 3449 1050 3501 8
1069 3465 1137 3515 6666
1157 3451 1348 3510 (commeatus)
1365 3479 1395 3486 -
1410 3449 1467 3501 scio
1481 3465 1536 3501 non
1555 3449 1643 3517 peri·

923 3523 1026 3573 turos.
1058 3519 1080 3570 T
1100 3520 1172 3581 22,4
1192 3536 1255 3572 cnm
1273 3519 1357 3571 sciret
1376 3519 1427 3572 sibi
1447 3519 1642 3588 undecumque

923 3591 1105 3660 pereundum.
1152 3590 1195 3644 As
1227 3590 1270 3652 46,
1294 3591 1311 3642 3
1339 3591 1361 3642 61
1390 3607 1459 3658 6666
1488 3592 1571 3644 661661
1599 3593 1642 3644 rel

922 3662 991 3715 nihil
1006 3662 1110 3730 petisse
1130 3663 1174 3715 vel
1193 3679 1249 3714 666
1267 3662 1394 3714 multum.
1425 3661 1490 3715 Τ66.
1510 3663 1565 3727 2,6
1584 3681 1642 3715 666.

923 3734 1014 3787 661666
1044 3735 1130 3786 166166
1157 3750 1174 3785 6
1202 3750 1231 3786 66
1260 3733 1401 3801 principes
1429 3734 1562 3787 militibus
1587 3751 1640 3786 non

923 3806 1043 3873 placere.
1073 3805 1117 3857 Pr.
1132 3805 1173 3868 10,
1187 3805 1204 3857 8
1216 3804 1336 3857 66166166
1355 3805 1482 3876 (milites)
1502 3805 1642 3858 neminem

923 3876 1035 3944 dignius
1043 3894 1125 3944 posse
1136 3876 1283 3945 imperare.
1304 3875 1327 3928 G
1339 3877 1363 3942 1,
1376 3879 1388 3928 1
1402 3876 1476 3930 8616
1491 3909 1521 3916 -
1534 3881 1564 3930 61
1573 3878 1642 3930 mul·

923 3951 968 4001 tos
988 3951 1017 4000 et
1041 3947 1261 4002 clementiam
1284 3953 1376 4000 tuam
1405 3948 1642 4015 quaestionem

922 4037 1056 4073 movere
1075 4036 1172 4087 posse
1202 4050 1243 4072 -.
1271 4017 1294 4070 T
1312 4020 1338 4080 8,
1356 4020 1374 4071 8
1393 4020 1438 4082 (cf.
1463 4021 1507 4079 13)
1527 4019 1589 4073 Scio
1609 4051 1632 4059 —

922 4108 1005 4159 posse
1024 4091 1092 4144 mihi
1112 4091 1184 4143 obici
1197 4096 1286 4143 artem
1304 4090 1461 4158 pristinam.
1491 4091 1538 4143 ΡΝ
1557 4091 1595 4153 ’3,
1610 4093 1642 4145 12

923 4163 986 4216 ‘sed
1001 4163 1073 4215 scias
1091 4162 1176 4229 idque
1189 4161 1283 4229 (idque
1302 4162 1441 4215 adsciscas
1455 4161 1641 4216 6666116666.

922 4238 967 4295 26,
986 4237 1054 4299 290)
1075 4234 1109 4286 de
1123 4233 1147 4285 Ν
1150 4233 1219 4300 igro,
1239 4232 1356 4286 militem
1370 4234 1470 4287 timere
1484 4252 1537 4286 non
1551 4252 1641 4302 posse.

923 4306 977 4359 nisi
998 4304 1119 4358 Π,1161
1140 4307 1163 4365 1,
1185 4304 1246 4357 181
1269 4305 1368 4358 scirem
1394 4322 1474 4373 posse
1494 4305 1642 4372 aliquando

923 4377 1064 4430 Romanos
1083 4377 1195 4446 penitus
1210 4376 1290 4439 61661,
1312 4407 1353 4431 -.
1373 4375 1454 4436 Τ30,
1471 4376 1489 4428 8
1508 4377 1561 4429 6161
1580 4394 1643 4430 eam

923 4449 1037 4501 scissem
1063 4450 1183 4500 multum
1211 4447 1354 4501 Romanae
1382 4447 1423 4501 rei
1447 4467 1472 4516 p.
1496 4448 1642 4516 proluisse.

923 4523 966 4572 As·
979 4519 1053 4580 486
1072 4520 1140 4573 6616
1160 4519 1299 4585 vulgum
1312 4519 1384 4573 hanc
1397 4537 1458 4573 rem
1478 4550 1504 4559 -
1529 4520 1642 4573 Traiani

922 4594 1052 4659 putare.
1102 4591 1168 4643 Tac.
1198 4589 1238 4652 12,
1267 4591 1282 4642 1
1315 4591 1419 4645 6616661
1449 4608 1544 4643 omnes
1575 4592 1643 4644 socii

923 4679 1075 4730 omnesque
1100 4661 1228 4715 nationes
1251 4661 1279 4714 16
1304 4662 1448 4730 antiquum
1467 4665 1571 4715 statum
1591 4680 1643 4715 re-

924 4734 1016 4786 disse
1035 4751 1095 4785 rem
1109 4753 1136 4802 p.
1168 4731 1191 4784 T
1211 4733 1398 4793 arescatis
1417 4751 1495 4800 6666.
1515 4733 1642 4800 gentium

923 4804 1066 4874 repperiri,
1087 4805 1133 4873 661
1148 4835 1188 4857 -.
1209 4803 1288 4871 Q13,
1309 4807 1321 4857 1
1343 4806 1416 4872 6666
1436 4805 1548 4872 quidem
1568 4806 1643 4873 apud

923 4878 1029 4930 nullum
1058 4876 1142 4929 alium
1172 4876 1369 4945 repperisse
1398 4894 1447 4929 me
1476 4876 1554 4929 scio.
1597 4877 1642 4930 (16.

922 4950 948 5007 8
970 4951 981 5000 1
1004 4947 1081 5001 8616
1101 4949 1137 5002 de
1151 4948 1296 5016 Papiniani
1310 4965 1379 5001 nece
1399 4948 1522 5000 multos
1541 4948 1589 5000 116
1608 4948 1642 5000 16

923 5020 1065 5072 11116666
1093 5019 1290 5086 6611611666,
1321 5024 1351 5072 61
1370 5051 1413 5071 -.
1444 5019 1530 5084 1136,
1555 5020 1572 5071 5
1597 5019 1643 5087 qui

924 5091 1010 5143 sciret
1037 5094 1118 5146 Aum
1146 5108 1237 5159 neque
1266 5090 1372 5144 frustra
1403 5089 1503 5144 minari
1531 5090 1642 5144 solere

922 5180 1013 5232 neque
1026 5195 1069 5218 —.
1089 5164 1140 5243 Dd.
1159 5164 1185 5229 2,
1204 5163 1221 5216 3
1240 5164 1296 5217 6616
1310 5195 1344 5203 —
1356 5181 1401 5217 me
1421 5162 1472 5225 Pii,
1490 5180 1535 5214 me
1554 5162 1644 5216 Marci

1429 5251 1482 5304 37·
