3600 5834
153 488 207 543 536

153 653 278 704 statuam
298 650 343 703 ille
362 649 508 718 posuisset.
563 648 612 701 ΡΝ
631 650 692 713 4,6
720 649 765 704 So
792 666 872 719 prae·

153 721 263 789 positus
287 724 338 788 sat,
362 724 392 773 et
415 720 528 788 quidem
547 720 627 785 irato,
648 738 673 789 q.
694 753 724 760 -
747 722 872 775 consula·

152 800 215 845 tum
242 791 328 861 Niger
358 795 520 845 mereretur.
557 792 629 845 Max.
648 795 692 861 21,
711 793 728 845 5
747 810 764 847 a
782 792 873 848 Maro

154 864 241 918 stulte
269 865 432 927 laetante,
461 882 486 931 q.
512 864 590 931 quasi
613 863 667 916 sihi
689 863 789 917 civitas
811 867 873 919 tota

154 934 292 989 cessisset.
330 935 348 986 S
367 934 410 995 20,
435 935 449 986 1
469 936 544 988 Sum
563 934 816 989 inmoderatissime
840 966 873 976 -

153 1007 298 1072 laetatum,
327 1023 353 1073 q.
382 1005 451 1060 duos
480 1007 581 1059 susos
616 1036 642 1046 -
671 1006 711 1060 rei
739 1024 766 1076 p.
790 1006 873 1061 relin-

156 1079 262 1145 queret.
299 1077 345 1131 Pr.
363 1078 389 1143 4,
408 1076 425 1130 3
444 1077 580 1130 Miraris
607 1076 744 1144 fortassis,
769 1096 794 1146 q.
818 1094 872 1146 ege

156 1148 302 1202 inberbem
329 1148 472 1202 tribunum
499 1148 623 1202 fecerim.
669 1149 716 1201 ΛΡ
742 1151 765 1211 1,
785 1151 801 1202 4
825 1149 872 1217 qui

153 1219 275 1273 Nervam
316 1219 499 1274 miseratus
537 1224 623 1281 esset,
665 1239 691 1287 q.
733 1220 872 1290 imperare

153 1290 299 1360 coepisset.
336 1290 359 1344 Τ
378 1290 421 1354 30,
439 1291 456 1343 b
477 1291 565 1344 Audio
584 1322 619 1330 —·
637 1291 705 1344 mihi
723 1293 826 1355 obici,
846 1309 872 1359 q.

152 1378 207 1415 non
236 1362 314 1415 virile
341 1379 441 1414 mrrnus
464 1362 636 1431 impleverim
662 1393 704 1415 -.
742 1362 763 1417 0
789 1364 815 1427 b,
838 1365 872 1415 14

153 1432 196 1486 his
226 1464 261 1473 —
292 1432 478 1495 obiciebatur,
509 1452 534 1501 q.
567 1433 688 1488 scribere
719 1435 873 1488 voluissent

153 1503 232 1557 Cum
251 1503 392 1558 heredem.
429 1504 471 1557 DJ
492 1504 517 1569 9,
545 1507 556 1556 1
580 1503 697 1559 Obiecta
720 1523 741 1559 s.
760 1505 872 1559 Juliano

152 1576 234 1630 haec:
254 1594 279 1643 q.
299 1577 411 1644 gulosus
429 1574 539 1637 fuisset,
558 1594 584 1644 q.
603 1577 719 1639 aleator,
742 1594 768 1645 q.
788 1577 871 1631 armis

152 1647 327 1715 gladiatoriis
347 1646 485 1700 exercitus
500 1651 582 1701 esset.
619 1646 680 1701 (lar.
694 1647 736 1715 16,
754 1650 771 1701 B
789 1666 872 1717 quem

153 1717 360 1787 obiurgabat
378 1717 551 1787 plerumque,
565 1736 590 1786 q.
601 1718 673 1772 bene
686 1735 764 1773 suam
778 1719 872 1773 imita·

151 1792 231 1842 retur
248 1807 368 1843 manum.
407 1788 446 1842 01.
460 1790 486 1850 2,
498 1790 516 1841 4
528 1806 591 1842 cum
611 1798 824 1859 quereretur,
844 1809 870 1860 q.

152 1859 260 1913 iuvenis
284 1860 421 1914 interiret.
459 1859 579 1927 T30,4
608 1877 671 1914 cum
705 1892 734 1902 -
761 1879 871 1932 repre-

153 1932 377 1995 henderetur,
397 1950 423 2000 q.
443 1932 586 1987 mulierem
607 1963 641 1971 -
660 1933 870 2004 triumphasset.

153 2001 198 2055 ΑΟ
225 2002 250 2066 8,
278 2003 296 2055 2
323 2003 585 2071 reprehendendum
614 2004 737 2063 datum,
761 2023 786 2074 q.
811 2009 870 2059 tam

152 2073 227 2126 mitis
246 2077 322 2127 esset
339 2074 367 2127 in
387 2075 496 2127 hostem
515 2092 594 2129 suum
612 2106 654 2127 -.
692 2078 726 2139 cf.
747 2076 791 2131 DJ
808 2075 834 2139 9,
853 2077 870 2128 4

152 2145 407 2214 Reprehensum
439 2146 474 2199 in
502 2163 538 2199 eo
567 2146 723 2215 praecipue,
755 2166 781 2216 q.
814 2164 869 2211 eos,

151 2233 220 2284 quos
238 2233 337 2285 regere
357 2217 531 2281 debuerat,
545 2217 642 2271 -sibi
655 2219 796 2286 praesules
810 2219 870 2288 ipse

152 2288 298 2341 fecisset
320 2294 346 2341 ct
371 2294 465 2342 contro
488 2289 532 2342 AS
551 2289 593 2357 04,
611 2288 629 2341 3
648 2289 829 2359 Reprehensa
848 2308 868 2344 s.

154 2358 181 2411 in
210 2359 277 2412 Alo
309 2359 390 2413 haec:
423 2359 497 2427 quod
528 2390 562 2398 -
592 2362 719 2427 septica
749 2377 770 2414 c.
802 2361 868 2415 ind.

151 2429 257 2497 impii!
288 2460 319 2469 —
353 2430 500 2493 111201
528 2429 668 2484 Crimini
697 2432 726 2485 ei
756 2434 868 2486 datum

152 2507 212 2569 est,
230 2519 258 2569 q.
277 2501 419 2556 adulteros
439 2502 532 2555 uxoris
550 2503 775 2570 promoverit;
795 2502 869 2566 29,6

153 2572 326 2625 dederunt
350 2578 383 2627 et
405 2574 504 2640 vitio,
533 2591 558 2641 q.
582 2573 705 2627 *effictus
727 2575 867 2639 fuisset;

151 2642 219 2710 29‚7
240 2643 411 2697 dederunt
430 2645 531 2698 etiam
550 2645 695 2709 crimini,
711 2664 736 2714 q.
750 2646 869 2700 ardicam

151 2714 347 2781 adrogantiam
367 2715 602 2769 confirmaverit.
634 2717 706 2769 Max.
721 2717 791 2781 322
805 2735 868 2770 cum

151 2784 250 2853 ingens
280 2787 439 2855 gaudium
476 2790 559 2851 esset,
597 2806 622 2855 q.
661 2794 745 2856 caput
776 2789 867 2842 iliani

150 2856 301 2920 videretur,
324 2876 411 2927 prope
434 2875 486 2926 par
508 2874 618 2912 maeror
636 2864 705 2914 erat.
726 2879 751 2927 q.
772 2864 801 2913 et
819 2860 867 2913 filii

150 2928 256 2996 pariter
275 2933 443 2997 portaretur.
481 2929 527 2981 ΑΡ
546 2930 602 2993 46
621 2930 751 2997 gratias
772 2949 867 3000 agens,

151 3016 176 3066 q.
197 3000 232 3053 da
251 3016 280 3053 se
299 3000 340 3054 ita
358 3001 491 3054 sensisset
503 3000 536 3052 H.
573 3002 608 3063 ctI
629 3001 683 3053 MA
701 3002 774 3059 202
794 3005 824 3055 et
841 3005 867 3056 4.

151 3070 212 3123 Hel.
231 3070 257 3134 8,
276 3072 300 3124 2.
348 3071 391 3126 DJ
410 3073 435 3140 4,
456 3072 473 3124 5
492 3072 551 3142 egit
576 3073 692 3141 gratias,
721 3092 745 3141 q.
775 3079 867 3128 esset

151 3141 315 3206 adscitus,
344 3162 368 3211 q.
398 3147 427 3196 et
455 3143 514 3212 ipse
538 3146 567 3197 et
590 3160 659 3197 uxor
681 3147 710 3197 et
728 3144 785 3198 filia
807 3145 866 3199 eius

151 3213 341 3281 Augustorum
359 3231 459 3268 nomen
479 3218 696 3283 acceperunt.
733 3216 777 3268 AS
796 3216 865 3275 48,1

150 3284 230 3365 eique
249 3286 355 3354 gratias
376 3286 442 3354 egit,
463 3303 488 3354 q.
508 3303 603 3340 curam
622 3287 662 3339 rei
680 3306 706 3355 p.
720 3318 754 3326 -
768 3292 866 3357 sponte

149 3356 460 3482 ltilll;.⁰.i..⁶‘¹al
489 3358 530 3489 1²2,
538 3362 744 3482 &atttriti
753 3377 866 3485 silaei}

149 3497 326 3553 laetitiam
344 3498 440 3559 fuisse,
461 3518 486 3566 q.
507 3499 628 3568 eligendi
647 3501 781 3569 principis
800 3519 866 3555 cura

149 3569 185 3622 ad
205 3570 332 3623 ordinem
356 3571 557 3640 amplissimum
580 3572 750 3631 revertisset,
773 3576 805 3625 ut
824 3604 865 3625 -.

150 3639 202 3692 Dd.
233 3642 292 3705 1,2
320 3643 420 3709 ingens
448 3658 579 3696 maeror
606 3643 717 3696 obsedit
743 3644 866 3697 omnium

148 3714 270 3779 pectora,
296 3730 321 3781 q.
346 3715 461 3766 Antum
489 3713 516 3765 in
540 3730 571 3766 re
594 3732 620 3782 p.
645 3732 699 3767 non
719 3715 866 3778 haberant,

148 3781 376 3853 existimantium,
390 3802 415 3852 q.
430 3815 471 3837 -.
491 3786 514 3836 Α
530 3784 571 3847 18,
588 3790 598 3837 1
614 3803 676 3838 cum
696 3785 866 3839 offensam

149 3854 276 3923 magistri
304 3873 400 3909 corum
428 3856 617 3915 incurrissent,
647 3876 673 3924 q.
701 3862 809 3911 temere
831 3889 866 3897 -

149 3930 328 3992 pugnassent.
365 3927 390 3980 H
419 3928 480 3988 aa
509 3928 639 3980 veniam
668 3929 747 3996 petit.
776 3947 802 3997 q.
832 3930 866 3982 ds

150 3996 266 4065 imperio
295 4016 345 4052 suo
368 3999 500 4052 iudicium
525 3999 633 4052 senatui
656 4016 710 4052 non
732 4000 865 4069 dedisset,

148 4068 285 4121 salutatus
323 4069 429 4123 scilicet
465 4087 651 4139 praepropere
683 4088 700 4123 a
731 4070 866 4125 militibus

147 4138 223 4207 imp,
242 4157 267 4208 q.
287 4157 347 4194 esse
366 4159 449 4211 resp.
468 4141 527 4194 sine
539 4143 623 4210 impe
635 4159 690 4194 non
711 4147 813 4210 posset.
831 4174 866 4184 -

149 4209 173 4258 G
202 4211 226 4276 7,
249 4211 266 4262 ι’)
294 4213 412 4265 ιιιίιιιιιι
442 4244 471 4251 -
502 4212 630 4266 omnibus
659 4213 814 4274 videbatur,
839 4234 865 4282 q.

148 4285 265 4335 mortem
295 4283 384 4337 Getae
413 4315 446 4323 -
475 4284 560 4337 etiam
587 4285 647 4353 ipso
675 4284 763 4338 fleret.
806 4285 865 4338 Hel.

148 4351 219 4409 341
241 4354 342 4407 Mirum
361 4354 480 4408 fortasse
500 4355 620 4424 cuipiam
640 4355 777 4419 videatur,
791 4387 824 4395 —
838 4378 864 4424 q.

147 4423 217 4476 haec
237 4426 330 4479 clades
351 4457 381 4465 -
403 4428 462 4480 loco
481 4427 636 4495 principum
656 4427 749 4480 fuerit.
770 4461 801 4470 -

182 4496 210 4553 ⁸2}
230 4498 257 4548 ιἰι
271 4513 310 4549 or.
325 4504 402 4550 recta.
429 4506 456 4563 a)
470 4500 513 4551 AS
524 4497 548 4562 9,
563 4498 578 4549 7
592 4497 706 4565 Neque
720 4515 780 4565 ego,
795 4517 820 4566 p.
832 4517 864 4557 c..

148 4565 276 4619 idcireo
290 4569 375 4622 timeo
389 4569 463 4621 istud
476 4600 506 4609 -
519 4587 619 4622 nomeu
632 4570 767 4638 accipere,
778 4571 865 4637 quod

147 4654 273 4700 verear,
311 4641 407 4708 <ne>
440 4672 483 4704 —,
511 4643 560 4693 scd
589 4641 706 4710 primum
737 4640 867 4708 displicet

147 4709 254 4762 alienae
285 4711 408 4765 faruiliae
440 4729 541 4764 nomen
572 4713 726 4779 adsumere,
764 4712 865 4765 deinde

148 4782 234 4845 (pared
263 4783 374 4847 gravari
404 4800 448 4837 me
477 4784 585 4835 credo.
610 4814 642 4822 -
669 4786 694 4841 Ιι)
719 4783 761 4835 AS
786 4783 864 4842 62,2

148 4852 296 4905 laetatus
325 4864 376 4911 ost,
405 4874 429 4922 q.
460 4855 511 4907 sibi
537 4864 653 4907 mortem
683 4855 811 4907 bellicam
831 4887 863 4895 --

148 4924 307 4977 crederet
328 4925 474 4979 inminere.
508 4925 614 4987 Tana
634 4944 696 4978 cum
716 4957 748 4965 -
769 4943 864 4979 servus

148 4996 283 5047 curatoris
313 5030 345 5036 —
374 4998 414 5049 ol)
444 4998 505 5049 hoc
535 5014 630 5049 caesus
663 5001 745 5058 essct,
777 4997 864 5063 qued

148 5065 276 5132 crepidas
307 5085 371 5119 suus
403 5069 532 5121 meliores
564 5086 624 5121 esse
656 5086 739 5135 spiram
772 5068 865 5121 militis

148 5135 286 5190 diceret.
326 5139 390 5192 'iac
416 5140 494 5195 103
519 5142 599 5192 (loru.
630 5139 757 5192 'l'acituni
779 5170 819 5195 -.
839 5158 864 5207 q.

853 495 947 556 quod

928 656 1076 720 parentem
1095 667 1175 704 suum
1194 650 1315 705 eundem
1333 650 1449 716 diceret,
1475 649 1504 703 in
1522 649 1645 705 omuibus

930 720 1106 775 bibliothecis
1129 722 1267 776 conlocari
1290 722 1378 774 iussit.
1417 719 1439 775 0
1467 721 1494 789 4,
1513 720 1531 774 9
1553 721 1644 776 domus

930 823 963 833 -
988 791 1183 856 Quintiliorum
1207 793 1296 846 omnis
1320 792 1470 857 emuncta,
1494 810 1522 862 q.
1549 791 1644 847 Sextia

931 894 962 904 -
982 864 1018 916 ad
1038 863 1225 918 defectionem
1244 864 1421 918 diceretur
1433 864 1568 918 evasisse.
1590 864 1644 919 Hel.

930 935 955 993 1,
982 936 1000 986 4
1026 934 1055 987 in
1079 935 1192 988 Varium
1210 934 1321 990 Heium
1339 935 1490 1005 imperium
1508 934 1645 989 conlatum

929 1008 980 1074 est,
999 1005 1131 1060 idcirco
1150 1023 1176 1074 q.
1191 1006 1316 1061 Bassiani
1329 1006 1402 1060 filius
1420 1007 1578 1071 dieoratur;
1595 1005 1645 1067 8,4

928 1076 1017 1131 multo
1048 1077 1138 1145 magis
1168 1076 1234 1130 Ddi
1263 1078 1418 1141 (insecutus
1448 1079 1495 1132 est
1523 1076 1645 1145 famame

929 1166 955 1217 q.
975 1147 1039 1201 Ant.
1059 1148 1175 1202 dictus
1193 1152 1247 1203 est
1265 1180 1308 1217 -,
1327 1148 1409 1203 simul
1428 1165 1455 1217 q.
1474 1148 1645 1203 -extitisse

929 1219 971 1272 vir
990 1218 1159 1302 fortissimus
1176 1250 1209 1261 —
1224 1220 1410 1275 diceretur.
1429 1220 1456 1273 H
1475 1220 1502 1279 5.
1514 1221 1541 1302 4.
1552 1220 1644 1275 Parte

928 1307 1049 1415 stlta
1062 1307 1217 1426 matt
1232 1291 1558 1432 ”attractata
1574 1294 1644 1417 till

929 1450 1031 1501 regem.
1070 1432 1124 1487 OM
1144 1434 1221 1501 lea
1246 1433 1293 1487 Ita
1318 1433 1383 1489 Hel.
1406 1434 1501 1488 claras
1526 1433 1645 1488 creditus

929 1510 980 1558 ost.
1000 1523 1025 1572 q.
1045 1505 1224 1559 videretur
1242 1506 1332 1575 patris
1345 1503 1506 1559 vindicasse
1518 1510 1643 1559 mortem.

928 1576 1031 1643 02,ι”ι
1058 1576 1139 1630 simul
1167 1593 1192 1646 q.
1219 1594 1302 1631 nemo
1326 1577 1352 1630 ei
1371 1575 1520 1630 videretur
1543 1574 1645 1631 felicior

927 1647 992 1716 imp.
1013 1648 1047 1701 ad
1068 1647 1300 1701 commodandum
1323 1665 1426 1702 nornen
1445 1678 1491 1702 -.
1528 1646 1644 1715 T10‚s

928 1717 993 1771 Fuit
1012 1749 1046 1758 -
1065 1718 1155 1772 Gallo
1173 1719 1230 1773 iam
1242 1723 1308 1773 ante
1326 1722 1484 1789 suspectus,
1503 1738 1530 1787 q.
1552 1718 1644 1787 dignos

927 1789 1070 1843 rideretur
1094 1789 1219 1858 imperio.
1240 1821 1270 1831 -
1291 1796 1315 1851 cl
1339 1789 1396 1844 cla
1418 1792 1445 1851 4,
1464 1790 1482 1842 4
1506 1807 1534 1859 q.
1553 1796 1644 1843 contra

928 1861 1158 1914 consuetudinem
1185 1877 1336 1929 puerorum
1363 1892 1399 1902 -
1429 1866 1525 1916 asset
1556 1862 1642 1915 candi-

927 1931 1064 2000 dissimus,
1084 1932 1199 1986 Albinus
1218 1936 1262 1985 cst
1275 1933 1378 1993 dictus3
1398 1932 1423 1992 6,
1441 1932 1460 1985 0
1479 1931 1582 1986 aedilis
1594 1950 1642 1987 non

926 2003 1046 2073 amplias
1083 2021 1167 2072 quam
1199 2004 1296 2057 decem
1328 2003 1427 2057 diebus
1458 2003 1523 2070 fuit,
1555 2021 1582 2072 q.
1611 2004 1641 2058 ad

926 2075 1079 2128 exercitum
1098 2075 1200 2128 festino
1219 2075 1387 2129 mitteretur.
1421 2074 1482 2143 Vss,
1496 2075 1533 2128 2?
1546 2074 1641 2129 multas

925 2162 942 2197 a
961 2146 1117 2201 venetianis
1136 2148 1181 2199 est
1198 2163 1295 2214 passus
1308 2146 1431 2213 iniurias,
1445 2164 1473 2214 q.
1487 2146 1640 2215 turpissime

926 2221 1024 2270 contra
1042 2234 1089 2270 eos
1108 2217 1230 2277 faverem
1257 2217 1282 2281 9,
1302 2217 1317 2270 1
1336 2217 1381 2270 Ad
1405 2217 1515 2271 bellum
1535 2215 1640 2271 Germa·

925 2288 1069 2348 uicum,M.
1081 2306 1106 2357 q.
1117 2289 1205 2342 nollet
1216 2288 1329 2343 Lucium
1340 2287 1399 2342 sine
1410 2305 1441 2343 se
1454 2320 1485 2330 -
1496 2288 1534 2342 ad
1544 2289 1639 2343 bellan

926 2359 1040 2414 mittere
1054 2390 1096 2423 -,
1115 2360 1195 2413 simul
1210 2359 1329 2428 profecti
1346 2378 1368 2412 s.
1387 2358 1432 2413 Oc.
1447 2361 1473 2421 4,
1486 2359 1505 2414 8
1517 2359 1638 2413 Helvium

924 2430 1002 2484 Pem
1014 2462 1049 2469 -
1062 2432 1102 2483 ob
1113 2431 1177 2485 hoc
1195 2431 1295 2494 solum,
1315 2450 1341 2499 q.
1360 2429 1432 2484 tilius
1453 2434 1530 2485 esset
1548 2431 1638 2499 impis.

925 2501 1035 2556 occidit.
1073 2502 1147 2556 Max.
1175 2503 1200 2562 4,
1228 2502 1246 2553 4
1273 2502 1324 2555 sub
1346 2501 1481 2565 Macrino,
1517 2520 1547 2570 q.
1575 2518 1637 2557 eum.

926 2572 974 2639 qui
991 2573 1083 2641 impis
1102 2574 1142 2626 sui
1162 2573 1251 2626 filium
1269 2573 1442 2640 occiderat,
1462 2573 1638 2627 vehementer

925 2644 1064 2712 odisset,
1093 2661 1109 2697 a
1136 2644 1237 2698 militia
1264 2643 1359 2705 desita
1386 2644 1430 2705 30,
1454 2644 1473 2697 5
1500 2644 1530 2697 in
1558 2644 1637 2713 patris

925 2715 1065 2779 honorem,
1078 2734 1104 2784 q.
1119 2715 1145 2770 ei
1164 2716 1275 2770 deesset
1287 2716 1371 2769 vestis
1384 2715 1539 2773 cenatoria.
1558 2715 1636 2784 ipsios

923 2787 975 2839 Ali
995 2787 1112 2856 accepit.
1150 2786 1218 2854 ΑΙ,
1237 2787 1254 2839 3
1273 2792 1284 2838 'l
1303 2804 1329 2855 q.
1357 2787 1417 2854 ipse
1446 2803 1502 2840 non
1527 2786 1635 2839 nihilum

924 2874 958 2910 ex
977 2857 1035 2911 eius
1055 2858 1162 2926 origine
1181 2858 1346 2925 sanguinem
1364 2858 1490 2925 duceret,
1505 2857 1638 2925 quaesivit

924 2945 1013 2990 ame,
1032 2929 1092 2997 quis
1112 2929 1200 2983 vitam
1215 2930 1274 2983 eius
1292 2929 1321 2982 in
1341 2929 1452 2982 litteras
1475 2928 1636 2983 rettulisset:

923 3000 948 3063 ὃ,
967 2999 985 3052 3
1008 2999 1183 3068 ingrediente
1206 3018 1239 3055 ec
1258 3000 1436 3054 Antiochiam
1459 2999 1489 3053 in
1507 2998 1636 3055 vehiculo.

923 3088 949 3139 q.
968 3088 1037 3139 prae
1056 3073 1169 3125 vulnere
1188 3074 1256 3124 tuno
1275 3089 1347 3140 equo
1359 3071 1459 3125 sedere
1471 3088 1529 3125 non
1541 3074 1637 3141 posset.

923 3143 1084 3211 -pallium
1102 3159 1274 3212 purpureum
1293 3174 1328 3183 -
1347 3142 1466 3205 desidia
1485 3142 1530 3212 32,
1550 3143 1638 3212 3ipso

924 3213 1035 3268 Tetrico
1066 3214 1220 3269 exercitum
1248 3231 1325 3266 suurn
1354 3215 1499 3283 prodente,
1529 3231 1556 3282 q.
1584 3214 1637 3268 eins

923 3284 1030 3339 scelera
1057 3285 1133 3339 ferre
1160 3303 1215 3339 non
1243 3288 1348 3353 posset.
1386 3285 1440 3338 Ma
1459 3285 1486 3351 4,
1504 3285 1523 3337 4
1543 3285 1637 3339 multos

924 3356 1101 3425 inauguravit
1119 3360 1204 3425 utque
1223 3357 1410 3425 exauguravit
1432 3355 1546 3410 nemine
1565 3373 1637 3425 prae

923 3433 1015 3487 eunte,
1035 3446 1061 3496 q.
1089 3427 1149 3496 ipse
1171 3428 1295 3481 carmina
1314 3430 1415 3480 cuncta
1442 3426 1637 3483 didicisset.

923 3498 947 3551 H
960 3499 1049 3562 20,13
1063 3500 1197 3567 oppidum
1214 3498 1456 3552 Hadrianotheras
1474 3499 1502 3551 in
1522 3498 1637 3567 quodam

923 3570 993 3633 loco,
1021 3588 1047 3638 q.
1076 3570 1133 3623 illic
1162 3573 1192 3623 et
1218 3569 1340 3624 feliciter
1368 3572 1444 3623 esset
1472 3574 1593 3623 renatus
1612 3574 1638 3623 et

922 3657 1015 3694 ursam
1026 3640 1175 3695 occidisset
1187 3641 1345 3710 aliquando,
1360 3641 1517 3695 constituit.
1537 3642 1561 3695 A
1571 3640 1612 3699 36.
1623 3642 1638 3692 4

923 3712 1022 3765 incidit
1040 3744 1082 3779 —,
1105 3718 1137 3766 ut
1155 3713 1314 3766 Mnesteum
1335 3712 1477 3779 quendam
1496 3742 1531 3752 —
1550 3711 1637 3766 infen-

922 3783 1023 3838 siorem
1042 3783 1093 3837 sibi
1107 3784 1239 3838 minando
1252 3783 1395 3841 redderet.
1413 3802 1441 3851 q.
1460 3782 1555 3837 nescio
1575 3783 1634 3852 quid

922 3855 957 3907 de
978 3872 1010 3909 eo
1030 3855 1186 3924 suspicatus
1205 3859 1280 3909 esset
1298 3860 1371 3919 (αἰέν.
1391 3854 1499 3919 monis).

956 3996 990 4051 Bl
1012 4019 1045 4044 =
1065 3996 1154 4050 ίἀαιιεῖ
1192 3996 1215 4061 I)
1236 3997 1264 4065 1)
1283 4019 1317 4044 =
1336 3996 1388 4049 ‘dic
1409 3995 1543 4049 Totsooho
1559 3995 1637 4050 dcss’.

923 4068 944 4119 P
975 4068 1070 4132 10,10
1096 4084 1182 4137 grave
1211 4098 1244 4106 -
1273 4067 1408 4121 militibus
1432 4067 1535 4128 visum,
1561 4086 1589 4136 q.
1605 4096 1636 4106 —

922 4140 1024 4192 multos
1043 4138 1145 4192 milites
1159 4171 1192 4180 —
1206 4138 1295 4192 occidi
1307 4140 1501 4208 praeceperat.
1535 4138 1578 4193 DJ
1590 4138 1635 4205 2,ῖ

922 4227 958 4263 ne
980 4210 1139 4278 Sulpiciano
1162 4209 1267 4278 aliquid
1293 4214 1416 4265 noceret
1441 4226 1468 4277 q.
1493 4210 1562 4279 imp.
1580 4226 1636 4263 esse

922 4282 1062 4335 voluisset.
1099 4282 1143 4335 AS
1171 4283 1197 4339 2.
1219 4284 1236 4333 4
1256 4298 1318 4333 cum
1346 4280 1386 4334 illi
1415 4297 1552 4349 magnum
1579 4297 1637 4335 eon-

922 4353 1045 4406 ciliasset
1072 4352 1207 4410 favorem.
1236 4371 1262 4420 q.
1291 4353 1350 4406 Hel.
1374 4351 1503 4405 occidere
1526 4356 1637 4406 conatus

922 4428 977 4483 est;
1007 4423 1049 4479 59.
1078 4424 1148 4476 2-3
1177 4429 1237 4477 errat
1264 4454 1300 4463 —
1326 4422 1525 4492 gravissimum
1553 4424 1592 4477 rei
1613 4442 1635 4492 p.

921 4500 1006 4562 atque
1044 4495 1104 4563 ipsi,
1142 4514 1166 4563 q.
1200 4494 1403 4548 Germanorum
1434 4494 1635 4548 vastationibus

923 4566 1012 4620 (tallia
1022 4567 1213 4636 diripiebatur.
1224 4567 1415 4635 pudoremque
1425 4566 1561 4635 augebat,
1571 4584 1635 4634 q.-;

921 4640 947 4701 5,
967 4639 983 4690 ‘2
1007 4638 1052 4691 cui
1071 4638 1109 4690 rai
1135 4641 1332 4705 argumentum
1355 4640 1406 4705 est,
1431 4655 1458 4705 q.
1479 4637 1578 4691 eadem
1596 4636 1635 4689 die

921 4710 1046 4763 natalem
1070 4709 1157 4761 habet
1179 4709 1224 4761 hic
1244 4740 1285 4761 -.
1314 4708 1348 4772 cs.
1369 4708 1440 4761 Gall.
1460 4708 1505 4775 20,
1524 4709 1550 4762 h.
1586 4706 1632 4761 014

921 4783 946 4838 3.
971 4783 988 4834 0
1007 4781 1084 4833 inde
1105 4779 1262 4847 estquod
1282 4779 1406 4832 seetS.
1427 4779 1543 4834 Antum
1561 4794 1633 4833 veos-

921 4853 962 4905 vit
989 4884 1031 4903 —.
1070 4853 1103 4915 cll
1128 4852 1172 4905 Pr.
1199 4852 1223 4911 1,
1243 4852 1268 4903 2.
1292 4850 1341 4903 PN
1358 4849 1383 4910 9,
1403 4850 1420 4902 ‘2
1439 4850 1506 4905 inde
1526 4868 1553 4919 q.
1572 4851 1633 4904 latet

922 4923 1038 4988 Vindex,
1064 4941 1089 4990 q.
1115 4923 1178 4974 l'iso
1202 4922 1333 4981 nescitur,
1353 4940 1380 4990 q.
1401 4939 1498 4975 omnes
1527 4922 1575 4990 illi,
1593 4922 1632 4988 qui

922 5027 964 5046 —.
980 4994 1032 5047 Gd.
1042 4994 1112 5048 25.3
1126 4994 1192 5060 quid
1207 4994 1280 5046 enim
1300 4993 1457 5059 facerem,
1477 5012 1502 5062 q.
1517 4992 1631 5045 'Admau

922 5084 971 5118 nos
992 5066 1157 5118 venderet
1177 5070 1223 5114 —'·.'
1245 5063 1289 5116 AC
1302 5065 1328 5124 ὁ,
1341 5065 1358 5116 0
1371 5064 1460 5118 Recte
1479 5063 1630 5117 consuluisti

922 5169 964 5190 -.
994 5158 1019 5204 q.
1047 5136 1172 5189 Cassium
1200 5135 1362 5204 praefecisti
1390 5166 1433 5186 —-.
1481 5134 1534 5188 ΜΒ
1563 5132 1630 5193 lid
