<?xml version="1.0" encoding="UTF-8"?>
<!DOCTYPE html PUBLIC "-//W3C//DTD XHTML 1.0 Transitional//EN"
    "http://www.w3.org/TR/xhtml1/DTD/xhtml1-transitional.dtd">
<html xmlns="http://www.w3.org/1999/xhtml" xml:lang="en" lang="en">
 <head>
  <title>
</title>
<meta http-equiv="Content-Type" content="text/html;charset=utf-8" />
  <meta name='ocr-system' content='tesseract 3.04.00' />
  <meta name='ocr-capabilities' content='ocr_page ocr_carea ocr_par ocr_line ocrx_word'/>
</head>
<body>
  <div class='ocr_page' id='page_1' title='image "./scriptorumhisto01lessgoog/scriptorumhisto01lessgoog_0199.png"; bbox 0 0 3600 5834; ppageno 0'>
   <div class='ocr_carea' id='block_1_1' title="bbox 149 457 201 512">
    <p class='ocr_par' dir='ltr' id='par_1_1' title="bbox 149 457 201 512">
     <span class='ocr_line' id='line_1_1' title="bbox 149 457 201 512; baseline 0.019 -1"><span class='ocrx_word' id='word_1_1' title='bbox 149 457 201 512; x_wconf 88' lang='grc'>184</span> 
     </span>
    </p>
   </div>
   <div class='ocr_carea' id='block_1_2' title="bbox 80 616 870 5170">
    <p class='ocr_par' dir='ltr' id='par_1_2' title="bbox 147 616 870 1684">
     <span class='ocr_line' id='line_1_2' title="bbox 149 616 867 684; baseline -0.001 -13"><span class='ocrx_word' id='word_1_2' title='bbox 149 635 306 681; x_wconf 68' lang='lat' dir='ltr'>erasurum.</span> <span class='ocrx_word' id='word_1_3' title='bbox 344 616 364 670; x_wconf 83' lang='lat' dir='ltr'>C</span> <span class='ocrx_word' id='word_1_4' title='bbox 390 618 452 684; x_wconf 88' lang='grc'>4,9</span> <span class='ocrx_word' id='word_1_5' title='bbox 481 618 578 671; x_wconf 88' lang='lat' dir='ltr'>domne</span> <span class='ocrx_word' id='word_1_6' title='bbox 607 649 641 657; x_wconf 89' lang='lat'><em>-</em></span> <span class='ocrx_word' id='word_1_7' title='bbox 669 616 867 682; x_wconf 77' lang='lat' dir='ltr'>Quintiliorum</span> 
     </span>
     <span class='ocr_line' id='line_1_3' title="bbox 148 688 868 758; baseline 0 -15"><span class='ocrx_word' id='word_1_8' title='bbox 148 689 238 743; x_wconf 88' lang='lat' dir='ltr'>omnis</span> <span class='ocrx_word' id='word_1_9' title='bbox 251 689 397 749; x_wconf 82' lang='lat' dir='ltr'>exstincta.</span> <span class='ocrx_word' id='word_1_10' title='bbox 412 689 487 758; x_wconf 93' lang='lat' dir='ltr'>quod</span> <span class='ocrx_word' id='word_1_11' title='bbox 500 689 602 743; x_wconf 86' lang='lat' dir='ltr'>Sextus</span> <span class='ocrx_word' id='word_1_12' title='bbox 616 721 649 729; x_wconf 89' lang='lat'><em>—</em></span> <span class='ocrx_word' id='word_1_13' title='bbox 663 688 757 758; x_wconf 87' lang='lat' dir='ltr'>specie</span> <span class='ocrx_word' id='word_1_14' title='bbox 769 688 868 743; x_wconf 87' lang='lat' dir='ltr'>mortis</span> 
     </span>
     <span class='ocr_line' id='line_1_4' title="bbox 148 759 869 822; baseline 0 -9"><span class='ocrx_word' id='word_1_15' title='bbox 148 760 184 814; x_wconf 88' lang='lat' dir='ltr'>ad</span> <span class='ocrx_word' id='word_1_16' title='bbox 204 760 391 814; x_wconf 84' lang='lat' dir='ltr'>defectionem</span> <span class='ocrx_word' id='word_1_17' title='bbox 410 760 550 815; x_wconf 82' lang='lat' dir='ltr'>diceretur</span> <span class='ocrx_word' id='word_1_18' title='bbox 569 760 658 814; x_wconf 75' lang='lat' dir='ltr'>sisse.</span> <span class='ocrx_word' id='word_1_19' title='bbox 698 759 736 814; x_wconf 80' lang='lat'>01.</span> <span class='ocrx_word' id='word_1_20' title='bbox 756 760 809 822; x_wconf 91' lang='grc'>6,1</span> <span class='ocrx_word' id='word_1_21' title='bbox 829 759 869 813; x_wconf 92' lang='lat' dir='ltr'>illi</span> 
     </span>
     <span class='ocr_line' id='line_1_5' title="bbox 150 830 868 901; baseline -0.001 -16"><span class='ocrx_word' id='word_1_22' title='bbox 150 830 244 895; x_wconf 82' lang='lat' dir='ltr'>Gothi,</span> <span class='ocrx_word' id='word_1_23' title='bbox 264 831 311 899; x_wconf 91' lang='lat' dir='ltr'>qui</span> <span class='ocrx_word' id='word_1_24' title='bbox 323 833 431 884; x_wconf 88' lang='lat' dir='ltr'>-serant</span> <span class='ocrx_word' id='word_1_25' title='bbox 444 848 478 885; x_wconf 92' lang='lat' dir='ltr'>eo</span> <span class='ocrx_word' id='word_1_26' title='bbox 496 837 633 901; x_wconf 87' lang='lat' dir='ltr'>tempore,</span> <span class='ocrx_word' id='word_1_27' title='bbox 647 849 700 901; x_wconf 90' lang='lat' dir='ltr'>quo</span> <span class='ocrx_word' id='word_1_28' title='bbox 719 830 781 884; x_wconf 87' lang='lat' dir='ltr'>illos</span> <span class='ocrx_word' id='word_1_29' title='bbox 794 831 868 884; x_wconf 86' lang='lat' dir='ltr'>Mar-</span> 
     </span>
     <span class='ocr_line' id='line_1_6' title="bbox 148 902 868 972; baseline -0.001 -16"><span class='ocrx_word' id='word_1_30' title='bbox 148 902 244 956; x_wconf 83' lang='lat' dir='ltr'>cianus</span> <span class='ocrx_word' id='word_1_31' title='bbox 272 906 315 955; x_wconf 91' lang='lat' dir='ltr'>est</span> <span class='ocrx_word' id='word_1_32' title='bbox 343 906 514 972; x_wconf 87' lang='lat' dir='ltr'>persecutus.</span> <span class='ocrx_word' id='word_1_33' title='bbox 534 903 610 955; x_wconf 87' lang='lat' dir='ltr'>-T</span> <span class='ocrx_word' id='word_1_34' title='bbox 629 902 689 964; x_wconf 67' lang='lat' dir='ltr'>bi</span> <span class='ocrx_word' id='word_1_35' title='bbox 718 903 764 970; x_wconf 90' lang='lat' dir='ltr'>qui</span> <span class='ocrx_word' id='word_1_36' title='bbox 792 902 816 956; x_wconf 89' lang='lat' dir='ltr'>si</span> <span class='ocrx_word' id='word_1_37' title='bbox 836 918 868 956; x_wconf 92' lang='lat' dir='ltr'>eo</span> 
     </span>
     <span class='ocr_line' id='line_1_7' title="bbox 148 973 870 1109; baseline -0.001 -82"><span class='ocrx_word' id='word_1_38' title='bbox 148 978 348 1098; x_wconf 48' lang='lat' dir='ltr'>generedtu‘ptc</span> <span class='ocrx_word' id='word_1_39' title='bbox 366 974 572 1109; x_wconf 54' lang='lat' dir='ltr'>fevaeqisscpt</span> <span class='ocrx_word' id='word_1_40' title='bbox 599 973 870 1109; x_wconf 42' lang='lat' dir='ltr'>(jesedisssiin319ddi</span> 
     </span>
     <span class='ocr_line' id='line_1_8' title="bbox 147 1061 855 1112; baseline -0.001 -13"><span class='ocrx_word' id='word_1_41' title='bbox 147 1061 281 1099; x_wconf 80' lang='lat' dir='ltr'>cumea.</span> <span class='ocrx_word' id='word_1_42' title='bbox 353 1061 515 1100; x_wconf 82' lang='lat' dir='ltr'>c.ccroe</span> <span class='ocrx_word' id='word_1_43' title='bbox 542 1061 622 1111; x_wconf 75' lang='lat' dir='ltr'>ocos,</span> <span class='ocrx_word' id='word_1_44' title='bbox 651 1062 706 1112; x_wconf 94' lang='lat' dir='ltr'>quo</span> <span class='ocrx_word' id='word_1_45' title='bbox 751 1062 767 1099; x_wconf 94' lang='lat' dir='ltr'>o</span> <span class='ocrx_word' id='word_1_46' title='bbox 802 1064 811 1097; x_wconf 91' lang='lat'>1</span> <span class='ocrx_word' id='word_1_47' title='bbox 840 1061 855 1098; x_wconf 86' lang='lat' dir='ltr'>e</span> 
     </span>
     <span class='ocr_line' id='line_1_9' title="bbox 148 1116 870 1183; baseline -0.003 -14"><span class='ocrx_word' id='word_1_48' title='bbox 148 1116 260 1183; x_wconf 86' lang='lat' dir='ltr'>Persae,</span> <span class='ocrx_word' id='word_1_49' title='bbox 290 1147 324 1156; x_wconf 92' lang='lat'><em>-</em></span> <span class='ocrx_word' id='word_1_50' title='bbox 353 1117 473 1170; x_wconf 82' lang='lat' dir='ltr'>Romani</span> <span class='ocrx_word' id='word_1_51' title='bbox 501 1116 621 1171; x_wconf 91' lang='lat' dir='ltr'>nominis</span> <span class='ocrx_word' id='word_1_52' title='bbox 652 1116 763 1169; x_wconf 84' lang='lat' dir='ltr'>finitum</span> <span class='ocrx_word' id='word_1_53' title='bbox 793 1118 870 1170; x_wconf 90' lang='lat' dir='ltr'>esset</span> 
     </span>
     <span class='ocr_line' id='line_1_10' title="bbox 149 1186 853 1225; baseline -0.001 -26"><span class='ocrx_word' id='word_1_54' title='bbox 149 1188 155 1199; x_wconf 92' lang='lat'>.</span> <span class='ocrx_word' id='word_1_55' title='bbox 240 1187 246 1197; x_wconf 95' lang='lat'>.</span> <span class='ocrx_word' id='word_1_56' title='bbox 488 1189 505 1225; x_wconf 70' lang='lat'>9</span> <span class='ocrx_word' id='word_1_57' title='bbox 817 1187 823 1198; x_wconf 96' lang='lat'>.</span> <span class='ocrx_word' id='word_1_58' title='bbox 847 1186 853 1198; x_wconf 95' lang='lat'>.</span> 
     </span>
     <span class='ocr_line' id='line_1_11' title="bbox 148 1186 868 1328; baseline -0.003 -16"><span class='ocrx_word' id='word_1_59' title='bbox 148 1203 316 1312; x_wconf 51' lang='grc' dir='ltr'>122ἓὲ11</span> <span class='ocrx_word' id='word_1_60' title='bbox 341 1186 868 1328; x_wconf 68' lang='lat' dir='ltr'>ll.⁸:..aeeeer⁰¹¹.s</span> 
     </span>
     <span class='ocr_line' id='line_1_12' title="bbox 148 1329 868 1394; baseline 0.001 -11"><span class='ocrx_word' id='word_1_61' title='bbox 148 1339 173 1394; x_wconf 84' lang='lat' dir='ltr'>e)</span> <span class='ocrx_word' id='word_1_62' title='bbox 192 1347 213 1383; x_wconf 90' lang='lat' dir='ltr'>c.</span> <span class='ocrx_word' id='word_1_63' title='bbox 233 1346 287 1383; x_wconf 85' lang='lat' dir='ltr'>acc.</span> <span class='ocrx_word' id='word_1_64' title='bbox 307 1329 332 1382; x_wconf 92' lang='lat' dir='ltr'>H</span> <span class='ocrx_word' id='word_1_65' title='bbox 351 1329 405 1392; x_wconf 78' lang='lat'>7‚.1</span> <span class='ocrx_word' id='word_1_66' title='bbox 425 1329 459 1382; x_wconf 86' lang='lat' dir='ltr'>Ni</span> <span class='ocrx_word' id='word_1_67' title='bbox 483 1330 536 1384; x_wconf 90' lang='lat' dir='ltr'>rini</span> <span class='ocrx_word' id='word_1_68' title='bbox 553 1329 669 1384; x_wconf 84' lang='lat' dir='ltr'>insidiae</span> <span class='ocrx_word' id='word_1_69' title='bbox 688 1361 723 1370; x_wconf 97' lang='lat'><em>-</em></span> <span class='ocrx_word' id='word_1_70' title='bbox 742 1329 798 1383; x_wconf 73' lang='lat' dir='ltr'>sit.</span> <span class='ocrx_word' id='word_1_71' title='bbox 824 1329 868 1384; x_wconf 80' lang='lat' dir='ltr'>DJ</span> 
     </span>
     <span class='ocr_line' id='line_1_13' title="bbox 148 1348 866 1469; baseline 0 -16"><span class='ocrx_word' id='word_1_72' title='bbox 148 1401 174 1465; x_wconf 88' lang='grc'>6,</span> <span class='ocrx_word' id='word_1_73' title='bbox 193 1402 210 1453; x_wconf 99' lang='grc'>2</span> <span class='ocrx_word' id='word_1_74' title='bbox 229 1418 293 1454; x_wconf 87' lang='lat' dir='ltr'>cum</span> <span class='ocrx_word' id='word_1_75' title='bbox 311 1418 361 1469; x_wconf 90' lang='lat' dir='ltr'>per</span> <span class='ocrx_word' id='word_1_76' title='bbox 380 1419 444 1455; x_wconf 91' lang='lat' dir='ltr'>eum</span> <span class='ocrx_word' id='word_1_77' title='bbox 462 1348 503 1456; x_wconf 56' lang='lat' dir='ltr'>gi</span> <span class='ocrx_word' id='word_1_78' title='bbox 524 1418 620 1455; x_wconf 86' lang='lat' dir='ltr'>manue</span> <span class='ocrx_word' id='word_1_79' title='bbox 639 1401 742 1455; x_wconf 72' lang='lat' dir='ltr'>sisset.</span> <span class='ocrx_word' id='word_1_80' title='bbox 767 1400 802 1464; x_wconf 75' lang='lat' dir='ltr'>cf.</span> <span class='ocrx_word' id='word_1_81' title='bbox 822 1400 866 1454; x_wconf 90' lang='lat' dir='ltr'>Pr.</span> 
     </span>
     <span class='ocr_line' id='line_1_14' title="bbox 151 1471 867 1541; baseline 0.001 -17"><span class='ocrx_word' id='word_1_82' title='bbox 151 1471 192 1538; x_wconf 83' lang='lat'>18,</span> <span class='ocrx_word' id='word_1_83' title='bbox 211 1472 237 1524; x_wconf 88' lang='lat'>3.</span> <span class='ocrx_word' id='word_1_84' title='bbox 274 1472 326 1525; x_wconf 84' lang='lat' dir='ltr'>Gd.</span> <span class='ocrx_word' id='word_1_85' title='bbox 344 1472 388 1532; x_wconf 88' lang='grc'>24,</span> <span class='ocrx_word' id='word_1_86' title='bbox 407 1474 424 1525; x_wconf 90' lang='grc'>2</span> <span class='ocrx_word' id='word_1_87' title='bbox 442 1473 524 1526; x_wconf 88' lang='lat' dir='ltr'>-sisse</span> <span class='ocrx_word' id='word_1_88' title='bbox 548 1489 597 1526; x_wconf 88' lang='lat' dir='ltr'>nos</span> <span class='ocrx_word' id='word_1_89' title='bbox 672 1488 736 1526; x_wconf 86' lang='lat' dir='ltr'>vem</span> <span class='ocrx_word' id='word_1_90' title='bbox 759 1474 867 1541; x_wconf 89' lang='lat' dir='ltr'>tempo-</span> 
     </span>
     <span class='ocr_line' id='line_1_15' title="bbox 149 1542 868 1611; baseline 0 -16"><span class='ocrx_word' id='word_1_91' title='bbox 149 1562 211 1596; x_wconf 90' lang='lat' dir='ltr'>rum</span> <span class='ocrx_word' id='word_1_92' title='bbox 231 1544 378 1598; x_wconf 78' lang='lat' dir='ltr'><strong>maculam.</strong></span> <span class='ocrx_word' id='word_1_93' title='bbox 402 1559 477 1611; x_wconf 74' lang='lat' dir='ltr'>paea.</span> <span class='ocrx_word' id='word_1_94' title='bbox 497 1543 549 1597; x_wconf 85' lang='grc' dir='ltr'>ΜΒ</span> <span class='ocrx_word' id='word_1_95' title='bbox 566 1544 608 1608; x_wconf 94' lang='grc'>14,</span> <span class='ocrx_word' id='word_1_96' title='bbox 657 1543 770 1597; x_wconf 89' lang='lat' dir='ltr'>turbam</span> <span class='ocrx_word' id='word_1_97' title='bbox 790 1542 868 1596; x_wconf 88' lang='lat' dir='ltr'>illam</span> 
     </span>
     <span class='ocr_line' id='line_1_16' title="bbox 148 1615 636 1684; baseline 0.002 -17"><span class='ocrx_word' id='word_1_98' title='bbox 148 1616 403 1683; x_wconf 76' lang='lat' dir='ltr'><strong>tempestatemque</strong></span> <span class='ocrx_word' id='word_1_99' title='bbox 422 1615 467 1667; x_wconf 85' lang='lat' dir='ltr'>vix</span> <span class='ocrx_word' id='word_1_100' title='bbox 487 1615 527 1668; x_wconf 92' lang='lat' dir='ltr'>-di</span> <span class='ocrx_word' id='word_1_101' title='bbox 546 1631 636 1684; x_wconf 88' lang='lat' dir='ltr'>posse.</span> 
     </span>
    </p>

    <p class='ocr_par' dir='ltr' id='par_1_3' title="bbox 148 1683 869 2095">
     <span class='ocr_line' id='line_1_17' title="bbox 185 1683 868 1755; baseline -0.006 -14"><span class='ocrx_word' id='word_1_102' title='bbox 185 1683 357 1755; x_wconf 72' lang='lat' dir='ltr'>evagari.</span> <span class='ocrx_word' id='word_1_103' title='bbox 394 1684 441 1738; x_wconf 81' lang='grc' dir='ltr'>ΑΟ</span> <span class='ocrx_word' id='word_1_104' title='bbox 459 1686 515 1750; x_wconf 89' lang='grc'>9,3</span> <span class='ocrx_word' id='word_1_105' title='bbox 534 1690 564 1739; x_wconf 77' lang='lat' dir='ltr'>et</span> <span class='ocrx_word' id='word_1_106' title='bbox 582 1684 776 1748; x_wconf 83' lang='lat' dir='ltr'>Alexandriae,</span> <span class='ocrx_word' id='word_1_107' title='bbox 795 1684 868 1738; x_wconf 84' lang='lat' dir='ltr'>filiae</span> 
     </span>
     <span class='ocr_line' id='line_1_18' title="bbox 149 1755 867 1825; baseline -0.003 -15"><span class='ocrx_word' id='word_1_108' title='bbox 149 1755 243 1820; x_wconf 83' lang='lat' dir='ltr'>Cassii,</span> <span class='ocrx_word' id='word_1_109' title='bbox 273 1761 302 1810; x_wconf 89' lang='lat' dir='ltr'>et</span> <span class='ocrx_word' id='word_1_110' title='bbox 330 1774 433 1825; x_wconf 82' lang='lat' dir='ltr'>genero</span> <span class='ocrx_word' id='word_1_111' title='bbox 458 1756 616 1810; x_wconf 78' lang='lat' dir='ltr'>Drunciano</span> <span class='ocrx_word' id='word_1_112' title='bbox 643 1756 761 1809; x_wconf 82' lang='lat' dir='ltr'>liberam</span> <span class='ocrx_word' id='word_1_113' title='bbox 780 1756 867 1819; x_wconf 74' lang='lat' dir='ltr'>andi.</span> 
     </span>
     <span class='ocr_line' id='line_1_19' title="bbox 148 1826 869 1896; baseline -0.001 -16"><span class='ocrx_word' id='word_1_114' title='bbox 148 1828 197 1880; x_wconf 92' lang='lat' dir='ltr'>ubi</span> <span class='ocrx_word' id='word_1_115' title='bbox 227 1827 341 1884; x_wconf 77' lang='lat' dir='ltr'>vellent.</span> <span class='ocrx_word' id='word_1_116' title='bbox 369 1831 539 1896; x_wconf 88' lang='lat' dir='ltr'>potestatem</span> <span class='ocrx_word' id='word_1_117' title='bbox 568 1828 655 1882; x_wconf 89' lang='lat' dir='ltr'>dedit.</span> <span class='ocrx_word' id='word_1_118' title='bbox 703 1826 774 1880; x_wconf 87' lang='lat' dir='ltr'>Gall.</span> <span class='ocrx_word' id='word_1_119' title='bbox 802 1826 869 1885; x_wconf 85' lang='grc'>4.9</span> 
     </span>
     <span class='ocr_line' id='line_1_20' title="bbox 148 1897 869 1967; baseline -0.003 -15"><span class='ocrx_word' id='word_1_120' title='bbox 148 1898 227 1967; x_wconf 86' lang='lat' dir='ltr'>quasi</span> <span class='ocrx_word' id='word_1_121' title='bbox 246 1899 384 1967; x_wconf 82' lang='lat' dir='ltr'>quoddam</span> <span class='ocrx_word' id='word_1_122' title='bbox 405 1899 505 1953; x_wconf 86' lang='lat' dir='ltr'>servile</span> <span class='ocrx_word' id='word_1_123' title='bbox 522 1899 628 1952; x_wconf 91' lang='lat' dir='ltr'>bellum</span> <span class='ocrx_word' id='word_1_124' title='bbox 647 1897 742 1952; x_wconf 87' lang='lat' dir='ltr'>extitit</span> <span class='ocrx_word' id='word_1_125' title='bbox 754 1898 869 1952; x_wconf 88' lang='lat' dir='ltr'>latroni·</span> 
     </span>
     <span class='ocr_line' id='line_1_21' title="bbox 149 1969 869 2040; baseline -0.004 -16"><span class='ocrx_word' id='word_1_126' title='bbox 149 1970 201 2026; x_wconf 88' lang='lat' dir='ltr'>bue</span> <span class='ocrx_word' id='word_1_127' title='bbox 224 1970 356 2023; x_wconf 75' lang='lat' dir='ltr'>antibus.</span> <span class='ocrx_word' id='word_1_128' title='bbox 377 2002 411 2009; x_wconf 94' lang='lat'><em>-</em></span> <span class='ocrx_word' id='word_1_129' title='bbox 431 1970 456 2023; x_wconf 91' lang='lat' dir='ltr'>H</span> <span class='ocrx_word' id='word_1_130' title='bbox 474 1969 536 2029; x_wconf 84' lang='lat'>3.9</span> <span class='ocrx_word' id='word_1_131' title='bbox 563 1973 758 2040; x_wconf 78' lang='lat' dir='ltr'>procuratores</span> <span class='ocrx_word' id='word_1_132' title='bbox 785 1969 869 2022; x_wconf 87' lang='lat' dir='ltr'>iatius</span> 
     </span>
     <span class='ocr_line' id='line_1_22' title="bbox 150 2041 394 2095; baseline 0.004 -2"><span class='ocrx_word' id='word_1_133' title='bbox 150 2048 243 2095; x_wconf 85' lang='lat' dir='ltr'>-antes</span> <span class='ocrx_word' id='word_1_134' title='bbox 263 2041 394 2095; x_wconf 90' lang='lat' dir='ltr'>coercuit.</span> 
     </span>
    </p>

    <p class='ocr_par' dir='ltr' id='par_1_4' title="bbox 80 2111 869 2749">
     <span class='ocr_line' id='line_1_23' title="bbox 184 2111 869 2177; baseline -0.006 -9"><span class='ocrx_word' id='word_1_135' title='bbox 184 2113 378 2168; x_wconf 76' lang='lat' dir='ltr'>evastare.</span> <span class='ocrx_word' id='word_1_136' title='bbox 404 2113 429 2164; x_wconf 86' lang='grc' dir='ltr'><strong>Α</strong></span> <span class='ocrx_word' id='word_1_137' title='bbox 445 2112 484 2177; x_wconf 82' lang='grc'>18,</span> <span class='ocrx_word' id='word_1_138' title='bbox 501 2111 518 2164; x_wconf 82' lang='grc'>3</span> <span class='ocrx_word' id='word_1_139' title='bbox 537 2112 631 2166; x_wconf 84' lang='lat' dir='ltr'>omnia</span> <span class='ocrx_word' id='word_1_140' title='bbox 650 2113 725 2165; x_wconf 86' lang='lat' dir='ltr'>circa</span> <span class='ocrx_word' id='word_1_141' title='bbox 736 2111 869 2165; x_wconf 84' lang='lat' dir='ltr'>Mediola-</span> 
     </span>
     <span class='ocr_line' id='line_1_24' title="bbox 149 2186 869 2322; baseline -0.006 -12"><span class='ocrx_word' id='word_1_142' title='bbox 149 2189 363 2310; x_wconf 61' lang='lat' dir='ltr'>nubnvi‘elibllbr.</span> <span class='ocrx_word' id='word_1_143' title='bbox 378 2186 606 2322; x_wconf 34' lang='lat' dir='ltr'>‘aliallllnl&#39;quos</span> <span class='ocrx_word' id='word_1_144' title='bbox 625 2254 740 2308; x_wconf 83' lang='lat' dir='ltr'>summis</span> <span class='ocrx_word' id='word_1_145' title='bbox 760 2253 869 2307; x_wconf 91' lang='lat' dir='ltr'>honori·</span> 
     </span>
     <span class='ocr_line' id='line_1_25' title="bbox 80 2325 869 2393; baseline 0 -15"><span class='ocrx_word' id='word_1_146' title='bbox 80 2337 81 2340; x_wconf 77' lang='grc'>’</span> <span class='ocrx_word' id='word_1_147' title='bbox 149 2325 201 2378; x_wconf 89' lang='lat' dir='ltr'>bus</span> <span class='ocrx_word' id='word_1_148' title='bbox 220 2326 281 2379; x_wconf 78' lang='lat' dir='ltr'>-xit</span> <span class='ocrx_word' id='word_1_149' title='bbox 318 2325 422 2392; x_wconf 83' lang='lat' dir='ltr'>T8,3</span> <span class='ocrx_word' id='word_1_150' title='bbox 451 2326 620 2379; x_wconf 88' lang='lat' dir='ltr'>militaribus</span> <span class='ocrx_word' id='word_1_151' title='bbox 647 2343 735 2393; x_wconf 88' lang='lat' dir='ltr'>usque</span> <span class='ocrx_word' id='word_1_152' title='bbox 764 2325 800 2378; x_wconf 92' lang='lat' dir='ltr'>ad</span> <span class='ocrx_word' id='word_1_153' title='bbox 819 2325 869 2378; x_wconf 93' lang='lat' dir='ltr'>im·</span> 
     </span>
     <span class='ocr_line' id='line_1_26' title="bbox 149 2395 869 2465; baseline -0.001 -16"><span class='ocrx_word' id='word_1_154' title='bbox 149 2397 258 2465; x_wconf 90' lang='lat' dir='ltr'>perium</span> <span class='ocrx_word' id='word_1_155' title='bbox 285 2396 419 2464; x_wconf 82' lang='lat' dir='ltr'>gradibus</span> <span class='ocrx_word' id='word_1_156' title='bbox 446 2402 528 2451; x_wconf 79' lang='lat' dir='ltr'>-ctus</span> <span class='ocrx_word' id='word_1_157' title='bbox 565 2396 628 2450; x_wconf 82' lang='lat' dir='ltr'>Car.</span> <span class='ocrx_word' id='word_1_158' title='bbox 650 2400 673 2462; x_wconf 94' lang='lat' dir='ltr'>l,</span> <span class='ocrx_word' id='word_1_159' title='bbox 694 2398 708 2448; x_wconf 90' lang='lat'>1</span> <span class='ocrx_word' id='word_1_160' title='bbox 737 2413 810 2449; x_wconf 92' lang='lat' dir='ltr'>nuno</span> <span class='ocrx_word' id='word_1_161' title='bbox 833 2395 869 2449; x_wconf 91' lang='lat' dir='ltr'>ad</span> 
     </span>
     <span class='ocr_line' id='line_1_27' title="bbox 149 2467 869 2535; baseline -0.001 -15"><span class='ocrx_word' id='word_1_162' title='bbox 149 2486 288 2521; x_wconf 89' lang='lat' dir='ltr'>summum</span> <span class='ocrx_word' id='word_1_163' title='bbox 302 2469 391 2535; x_wconf 87' lang='lat' dir='ltr'>evehi,</span> <span class='ocrx_word' id='word_1_164' title='bbox 405 2486 479 2522; x_wconf 89' lang='lat' dir='ltr'>nune</span> <span class='ocrx_word' id='word_1_165' title='bbox 492 2469 528 2522; x_wconf 95' lang='lat' dir='ltr'>ad</span> <span class='ocrx_word' id='word_1_166' title='bbox 546 2468 661 2521; x_wconf 86' lang='lat' dir='ltr'>minima</span> <span class='ocrx_word' id='word_1_167' title='bbox 680 2467 785 2521; x_wconf 87' lang='lat' dir='ltr'>retrahi</span> <span class='ocrx_word' id='word_1_168' title='bbox 799 2473 869 2529; x_wconf 81' lang='lat' dir='ltr'>(rem</span> 
     </span>
     <span class='ocr_line' id='line_1_28' title="bbox 148 2538 869 2607; baseline -0.001 -15"><span class='ocrx_word' id='word_1_169' title='bbox 148 2546 196 2607; x_wconf 81' lang='lat' dir='ltr'>p).</span> <span class='ocrx_word' id='word_1_170' title='bbox 234 2539 286 2592; x_wconf 85' lang='grc' dir='ltr'>ΜΒ</span> <span class='ocrx_word' id='word_1_171' title='bbox 306 2538 374 2603; x_wconf 69' lang='grc'>’2,’1</span> <span class='ocrx_word' id='word_1_172' title='bbox 394 2542 426 2594; x_wconf 86' lang='lat' dir='ltr'>ei.</span> <span class='ocrx_word' id='word_1_173' title='bbox 439 2539 536 2607; x_wconf 79' lang='lat' dir='ltr'>Haupt</span> <span class='ocrx_word' id='word_1_174' title='bbox 555 2543 587 2592; x_wconf 91' lang='lat' dir='ltr'>ut</span> <span class='ocrx_word' id='word_1_175' title='bbox 601 2539 738 2592; x_wconf 87' lang='lat' dir='ltr'>vilitatem</span> <span class='ocrx_word' id='word_1_176' title='bbox 760 2538 869 2603; x_wconf 82' lang='lat' dir='ltr'>(nobili-</span> 
     </span>
     <span class='ocr_line' id='line_1_29' title="bbox 149 2609 869 2680; baseline 0 -17"><span class='ocrx_word' id='word_1_177' title='bbox 149 2614 238 2664; x_wconf 86' lang='lat' dir='ltr'>tatem</span> <span class='ocrx_word' id='word_1_178' title='bbox 257 2611 325 2675; x_wconf 87' lang='lat' dir='ltr'>cod.)</span> <span class='ocrx_word' id='word_1_179' title='bbox 352 2611 463 2680; x_wconf 83' lang='lat' dir='ltr'>generis</span> <span class='ocrx_word' id='word_1_180' title='bbox 492 2611 640 2679; x_wconf 90' lang='lat' dir='ltr'>splendore</span> <span class='ocrx_word' id='word_1_181' title='bbox 659 2609 771 2663; x_wconf 83' lang='lat' dir='ltr'>virtutis</span> <span class='ocrx_word' id='word_1_182' title='bbox 790 2612 869 2663; x_wconf 89' lang='lat' dir='ltr'>*eve-</span> 
     </span>
     <span class='ocr_line' id='line_1_30' title="bbox 149 2681 505 2749; baseline 0 -15"><span class='ocrx_word' id='word_1_183' title='bbox 149 2682 223 2735; x_wconf 85' lang='lat' dir='ltr'>xerit</span> <span class='ocrx_word' id='word_1_184' title='bbox 241 2682 289 2745; x_wconf 59' lang='lat' dir='ltr'>(ei</span> <span class='ocrx_word' id='word_1_185' title='bbox 309 2682 410 2736; x_wconf 84' lang='lat' dir='ltr'>lexerit</span> <span class='ocrx_word' id='word_1_186' title='bbox 427 2681 505 2749; x_wconf 55' lang='lat' dir='ltr'>code.</span> 
     </span>
    </p>

    <p class='ocr_par' dir='ltr' id='par_1_5' title="bbox 149 2750 870 4530">
     <span class='ocr_line' id='line_1_31' title="bbox 186 2750 869 2821; baseline -0.004 -14"><span class='ocrx_word' id='word_1_187' title='bbox 186 2750 357 2809; x_wconf 80' lang='lat' dir='ltr'>evenire.</span> <span class='ocrx_word' id='word_1_188' title='bbox 395 2761 422 2820; x_wconf 77' lang='lat' dir='ltr'>a)</span> <span class='ocrx_word' id='word_1_189' title='bbox 452 2752 505 2807; x_wconf 86' lang='lat' dir='ltr'>OM</span> <span class='ocrx_word' id='word_1_190' title='bbox 524 2752 592 2818; x_wconf 85' lang='lat'>6,3</span> <span class='ocrx_word' id='word_1_191' title='bbox 620 2753 685 2821; x_wconf 89' lang='lat' dir='ltr'>quia</span> <span class='ocrx_word' id='word_1_192' title='bbox 712 2752 740 2805; x_wconf 93' lang='lat' dir='ltr'>id</span> <span class='ocrx_word' id='word_1_193' title='bbox 767 2769 790 2807; x_wconf 90' lang='lat' dir='ltr'>e.</span> <span class='ocrx_word' id='word_1_194' title='bbox 819 2769 869 2820; x_wconf 89' lang='lat' dir='ltr'>per</span> 
     </span>
     <span class='ocr_line' id='line_1_32' title="bbox 149 2821 870 2892; baseline -0.003 -15"><span class='ocrx_word' id='word_1_195' title='bbox 149 2824 301 2877; x_wconf 81' lang='lat' dir='ltr'>tumultum</span> <span class='ocrx_word' id='word_1_196' title='bbox 333 2824 482 2878; x_wconf 89' lang='lat' dir='ltr'>militarem</span> <span class='ocrx_word' id='word_1_197' title='bbox 514 2842 568 2877; x_wconf 92' lang='lat' dir='ltr'>non</span> <span class='ocrx_word' id='word_1_198' title='bbox 600 2824 700 2892; x_wconf 88' lang='lat' dir='ltr'>potuit.</span> <span class='ocrx_word' id='word_1_199' title='bbox 739 2821 870 2884; x_wconf 83' lang='lat' dir='ltr'>A2l‚9</span> 
     </span>
     <span class='ocr_line' id='line_1_33' title="bbox 150 2893 869 2964; baseline -0.003 -16"><span class='ocrx_word' id='word_1_200' title='bbox 150 2911 231 2964; x_wconf 87' lang='lat' dir='ltr'>posse</span> <span class='ocrx_word' id='word_1_201' title='bbox 251 2895 346 2959; x_wconf 85' lang='lat' dir='ltr'>fieri,</span> <span class='ocrx_word' id='word_1_202' title='bbox 372 2899 404 2948; x_wconf 87' lang='lat' dir='ltr'>ut</span> <span class='ocrx_word' id='word_1_203' title='bbox 432 2895 536 2963; x_wconf 86' lang='lat' dir='ltr'>aliquid</span> <span class='ocrx_word' id='word_1_204' title='bbox 564 2896 621 2949; x_wconf 87' lang='lat' dir='ltr'>tale</span> <span class='ocrx_word' id='word_1_205' title='bbox 648 2895 758 2961; x_wconf 86' lang='lat' dir='ltr'>iterum,</span> <span class='ocrx_word' id='word_1_206' title='bbox 788 2893 869 2962; x_wconf 89' lang='lat' dir='ltr'>quale</span> 
     </span>
     <span class='ocr_line' id='line_1_34' title="bbox 150 2965 869 3035; baseline -0.003 -16"><span class='ocrx_word' id='word_1_207' title='bbox 150 2966 202 3019; x_wconf 83' lang='lat' dir='ltr'>sub</span> <span class='ocrx_word' id='word_1_208' title='bbox 222 2965 311 3020; x_wconf 79' lang='lat' dir='ltr'>Gallo</span> <span class='ocrx_word' id='word_1_209' title='bbox 330 2969 507 3035; x_wconf 87' lang='lat' dir='ltr'>evenerat,</span> <span class='ocrx_word' id='word_1_210' title='bbox 526 2967 745 3035; x_wconf 87' lang='lat' dir='ltr'>proveniret;</span> <span class='ocrx_word' id='word_1_211' title='bbox 765 2965 820 3026; x_wconf 87' lang='grc'>3,2</span> <span class='ocrx_word' id='word_1_212' title='bbox 840 2968 869 3019; x_wconf 89' lang='lat' dir='ltr'>et</span> 
     </span>
     <span class='ocr_line' id='line_1_35' title="bbox 149 3036 869 3105; baseline 0 -16"><span class='ocrx_word' id='word_1_213' title='bbox 149 3038 186 3089; x_wconf 87' lang='lat' dir='ltr'>-it</span> <span class='ocrx_word' id='word_1_214' title='bbox 213 3037 334 3105; x_wconf 91' lang='lat' dir='ltr'>quidem.</span> <span class='ocrx_word' id='word_1_215' title='bbox 363 3041 395 3090; x_wconf 89' lang='lat' dir='ltr'>ut</span> <span class='ocrx_word' id='word_1_216' title='bbox 424 3039 458 3090; x_wconf 88' lang='lat' dir='ltr'>de</span> <span class='ocrx_word' id='word_1_217' title='bbox 486 3055 582 3091; x_wconf 91' lang='lat' dir='ltr'>eorum</span> <span class='ocrx_word' id='word_1_218' title='bbox 605 3037 728 3091; x_wconf 83' lang='lat' dir='ltr'>virorum</span> <span class='ocrx_word' id='word_1_219' title='bbox 751 3036 869 3105; x_wconf 82' lang='lat' dir='ltr'>genitali</span> 
     </span>
     <span class='ocr_line' id='line_1_36' title="bbox 152 3107 868 3177; baseline 0 -16"><span class='ocrx_word' id='word_1_220' title='bbox 152 3108 212 3162; x_wconf 89' lang='lat' dir='ltr'>solo</span> <span class='ocrx_word' id='word_1_221' title='bbox 231 3109 382 3176; x_wconf 81' lang='lat' dir='ltr'>nesciatur,</span> <span class='ocrx_word' id='word_1_222' title='bbox 401 3109 448 3177; x_wconf 88' lang='lat' dir='ltr'>qui</span> <span class='ocrx_word' id='word_1_223' title='bbox 467 3140 510 3162; x_wconf 91' lang='lat'>-.</span> <span class='ocrx_word' id='word_1_224' title='bbox 547 3107 593 3161; x_wconf 80' lang='lat' dir='ltr'>AO</span> <span class='ocrx_word' id='word_1_225' title='bbox 612 3109 637 3175; x_wconf 88' lang='grc'>4,</span> <span class='ocrx_word' id='word_1_226' title='bbox 657 3109 674 3161; x_wconf 91' lang='grc'>6</span> <span class='ocrx_word' id='word_1_227' title='bbox 694 3124 717 3162; x_wconf 89' lang='lat' dir='ltr'>e.</span> <span class='ocrx_word' id='word_1_228' title='bbox 736 3108 868 3177; x_wconf 89' lang='lat' dir='ltr'>potuisse,</span> 
     </span>
     <span class='ocr_line' id='line_1_37' title="bbox 149 3178 869 3245; baseline 0 -14"><span class='ocrx_word' id='word_1_229' title='bbox 149 3183 182 3231; x_wconf 90' lang='lat' dir='ltr'>ut</span> <span class='ocrx_word' id='word_1_230' title='bbox 200 3210 243 3232; x_wconf 93' lang='lat'>-.</span> <span class='ocrx_word' id='word_1_231' title='bbox 280 3179 325 3234; x_wconf 89' lang='lat' dir='ltr'>Pr.</span> <span class='ocrx_word' id='word_1_232' title='bbox 344 3180 370 3236; x_wconf 88' lang='lat'>8.</span> <span class='ocrx_word' id='word_1_233' title='bbox 389 3180 406 3232; x_wconf 83' lang='lat'>5</span> <span class='ocrx_word' id='word_1_234' title='bbox 425 3198 492 3233; x_wconf 59' lang='lat' dir='ltr'>(casu</span> <span class='ocrx_word' id='word_1_235' title='bbox 511 3179 614 3240; x_wconf 76' lang='lat' dir='ltr'>evenit,</span> <span class='ocrx_word' id='word_1_236' title='bbox 633 3184 665 3232; x_wconf 92' lang='lat' dir='ltr'>ut</span> <span class='ocrx_word' id='word_1_237' title='bbox 683 3211 726 3231; x_wconf 90' lang='lat'>-.</span> <span class='ocrx_word' id='word_1_238' title='bbox 764 3178 869 3245; x_wconf 75' lang='lat' dir='ltr'>s*4‚6</span> 
     </span>
     <span class='ocr_line' id='line_1_38' title="bbox 150 3250 868 3305; baseline 0 -2"><span class='ocrx_word' id='word_1_239' title='bbox 150 3251 182 3304; x_wconf 86' lang='lat' dir='ltr'>ci.</span> <span class='ocrx_word' id='word_1_240' title='bbox 202 3251 307 3304; x_wconf 79' lang='lat' dir='ltr'>Petect.</span> <span class='ocrx_word' id='word_1_241' title='bbox 328 3251 442 3305; x_wconf 77' lang='lat' dir='ltr'>’Evenit</span> <span class='ocrx_word' id='word_1_242' title='bbox 461 3250 546 3305; x_wconf 86' lang='lat' dir='ltr'>etiam</span> <span class='ocrx_word' id='word_1_243' title='bbox 564 3252 593 3304; x_wconf 92' lang='lat' dir='ltr'>in</span> <span class='ocrx_word' id='word_1_244' title='bbox 612 3250 655 3304; x_wconf 89' lang='lat' dir='ltr'>his</span> <span class='ocrx_word' id='word_1_245' title='bbox 679 3250 781 3304; x_wconf 89' lang='lat' dir='ltr'>hortis:</span> <span class='ocrx_word' id='word_1_246' title='bbox 805 3267 868 3305; x_wconf 92' lang='lat' dir='ltr'>cum</span> 
     </span>
     <span class='ocr_line' id='line_1_39' title="bbox 150 3321 867 3391; baseline 0 -17"><span class='ocrx_word' id='word_1_247' title='bbox 150 3321 228 3375; x_wconf 90' lang='lat' dir='ltr'>humi</span> <span class='ocrx_word' id='word_1_248' title='bbox 247 3322 341 3375; x_wconf 86' lang='lat' dir='ltr'>iacens</span> <span class='ocrx_word' id='word_1_249' title='bbox 355 3323 514 3391; x_wconf 81' lang='lat' dir='ltr'>epularetur</span> <span class='ocrx_word' id='word_1_250' title='bbox 526 3354 562 3362; x_wconf 97' lang='lat'>—</span> <span class='ocrx_word' id='word_1_251' title='bbox 574 3322 692 3381; x_wconf 79' lang='lat' dir='ltr'>(invenit</span> <span class='ocrx_word' id='word_1_252' title='bbox 707 3322 791 3376; x_wconf 86' lang='lat' dir='ltr'>etiam</span> <span class='ocrx_word' id='word_1_253' title='bbox 810 3321 867 3375; x_wconf 81' lang='lat' dir='ltr'>cod.</span> 
     </span>
     <span class='ocr_line' id='line_1_40' title="bbox 150 3392 870 3463; baseline 0.003 -19"><span class='ocrx_word' id='word_1_254' title='bbox 150 3392 179 3444; x_wconf 90' lang='lat' dir='ltr'>in</span> <span class='ocrx_word' id='word_1_255' title='bbox 199 3392 309 3446; x_wconf 88' lang='lat' dir='ltr'>vicinia.</span> <span class='ocrx_word' id='word_1_256' title='bbox 328 3395 429 3463; x_wconf 77' lang='lat' dir='ltr'>Peter).</span> <span class='ocrx_word' id='word_1_257' title='bbox 446 3425 481 3433; x_wconf 94' lang='lat'><em>-</em></span> <span class='ocrx_word' id='word_1_258' title='bbox 501 3393 592 3456; x_wconf 75' lang='lat' dir='ltr'>G3,7</span> <span class='ocrx_word' id='word_1_259' title='bbox 613 3409 703 3455; x_wconf 86' lang='lat' dir='ltr'>omen,</span> <span class='ocrx_word' id='word_1_260' title='bbox 718 3397 749 3446; x_wconf 85' lang='lat' dir='ltr'>ut</span> <span class='ocrx_word' id='word_1_261' title='bbox 770 3395 870 3460; x_wconf 84' lang='lat' dir='ltr'>postea</span> 
     </span>
     <span class='ocr_line' id='line_1_41' title="bbox 150 3463 869 3533; baseline -0.001 -17"><span class='ocrx_word' id='word_1_262' title='bbox 150 3463 250 3531; x_wconf 82' lang='lat' dir='ltr'>ingens</span> <span class='ocrx_word' id='word_1_263' title='bbox 263 3465 354 3517; x_wconf 88' lang='lat' dir='ltr'>exitus</span> <span class='ocrx_word' id='word_1_264' title='bbox 368 3465 471 3533; x_wconf 87' lang='lat' dir='ltr'>docuit,</span> <span class='ocrx_word' id='word_1_265' title='bbox 484 3465 566 3518; x_wconf 90' lang='lat' dir='ltr'>huius</span> <span class='ocrx_word' id='word_1_266' title='bbox 579 3464 720 3520; x_wconf 83' lang='lat' dir='ltr'>facinoris.</span> <span class='ocrx_word' id='word_1_267' title='bbox 734 3465 808 3532; x_wconf 89' lang='lat' dir='ltr'>quod</span> <span class='ocrx_word' id='word_1_268' title='bbox 822 3464 869 3526; x_wconf 88' lang='lat' dir='ltr'>-it;</span> 
     </span>
     <span class='ocr_line' id='line_1_42' title="bbox 150 3535 870 3605; baseline -0.001 -17"><span class='ocrx_word' id='word_1_269' title='bbox 150 3552 216 3589; x_wconf 86' lang='lat' dir='ltr'>nam</span> <span class='ocrx_word' id='word_1_270' title='bbox 234 3567 277 3588; x_wconf 92' lang='lat'>—.</span> <span class='ocrx_word' id='word_1_271' title='bbox 315 3535 367 3589; x_wconf 90' lang='lat' dir='ltr'>Dd.</span> <span class='ocrx_word' id='word_1_272' title='bbox 388 3538 412 3604; x_wconf 89' lang='lat' dir='ltr'>l,</span> <span class='ocrx_word' id='word_1_273' title='bbox 433 3538 447 3588; x_wconf 94' lang='lat'>1</span> <span class='ocrx_word' id='word_1_274' title='bbox 472 3537 547 3604; x_wconf 92' lang='lat' dir='ltr'>quod</span> <span class='ocrx_word' id='word_1_275' title='bbox 570 3536 596 3590; x_wconf 93' lang='lat' dir='ltr'>ei</span> <span class='ocrx_word' id='word_1_276' title='bbox 619 3536 759 3605; x_wconf 86' lang='lat' dir='ltr'>stupenda</span> <span class='ocrx_word' id='word_1_277' title='bbox 777 3535 870 3588; x_wconf 87' lang='lat' dir='ltr'>omina</span> 
     </span>
     <span class='ocr_line' id='line_1_43' title="bbox 152 3606 869 3677; baseline -0.001 -18"><span class='ocrx_word' id='word_1_278' title='bbox 152 3609 219 3659; x_wconf 90' lang='lat' dir='ltr'>sunt</span> <span class='ocrx_word' id='word_1_279' title='bbox 237 3607 314 3661; x_wconf 83' lang='lat' dir='ltr'>facta</span> <span class='ocrx_word' id='word_1_280' title='bbox 337 3607 446 3677; x_wconf 90' lang='lat' dir='ltr'>imperii</span> <span class='ocrx_word' id='word_1_281' title='bbox 474 3625 529 3661; x_wconf 93' lang='lat' dir='ltr'>non</span> <span class='ocrx_word' id='word_1_282' title='bbox 559 3607 667 3671; x_wconf 87' lang='lat' dir='ltr'>diutini,</span> <span class='ocrx_word' id='word_1_283' title='bbox 691 3610 722 3659; x_wconf 91' lang='lat' dir='ltr'>ut</span> <span class='ocrx_word' id='word_1_284' title='bbox 745 3607 787 3659; x_wconf 89' lang='lat' dir='ltr'>·it.</span> <span class='ocrx_word' id='word_1_285' title='bbox 824 3606 869 3658; x_wconf 87' lang='lat' dir='ltr'>Pr.</span> 
     </span>
     <span class='ocr_line' id='line_1_44' title="bbox 150 3677 868 3746; baseline 0.001 -17"><span class='ocrx_word' id='word_1_286' title='bbox 150 3677 198 3740; x_wconf 90' lang='grc'>20,</span> <span class='ocrx_word' id='word_1_287' title='bbox 222 3677 239 3730; x_wconf 87' lang='grc'>3</span> <span class='ocrx_word' id='word_1_288' title='bbox 267 3678 372 3731; x_wconf 91' lang='lat' dir='ltr'>dictum</span> <span class='ocrx_word' id='word_1_289' title='bbox 401 3680 441 3732; x_wconf 88' lang='lat' dir='ltr'>eis</span> <span class='ocrx_word' id='word_1_290' title='bbox 468 3695 563 3746; x_wconf 82' lang='lat' dir='ltr'>grave,</span> <span class='ocrx_word' id='word_1_291' title='bbox 592 3678 615 3730; x_wconf 88' lang='lat' dir='ltr'>si</span> <span class='ocrx_word' id='word_1_292' title='bbox 645 3695 777 3745; x_wconf 89' lang='lat' dir='ltr'>umquam</span> <span class='ocrx_word' id='word_1_293' title='bbox 808 3679 868 3743; x_wconf 86' lang='lat' dir='ltr'>·iat,</span> 
     </span>
     <span class='ocr_line' id='line_1_45' title="bbox 151 3749 869 3818; baseline 0.003 -18"><span class='ocrx_word' id='word_1_294' title='bbox 151 3749 274 3802; x_wconf 85' lang='lat' dir='ltr'>salutare</span> <span class='ocrx_word' id='word_1_295' title='bbox 287 3751 333 3813; x_wconf 86' lang='lat' dir='ltr'>rei</span> <span class='ocrx_word' id='word_1_296' title='bbox 352 3768 378 3818; x_wconf 91' lang='lat' dir='ltr'>p.</span> <span class='ocrx_word' id='word_1_297' title='bbox 417 3751 443 3814; x_wconf 81' lang='lat' dir='ltr'>b)</span> <span class='ocrx_word' id='word_1_298' title='bbox 469 3749 522 3803; x_wconf 88' lang='lat' dir='ltr'>Gd.</span> <span class='ocrx_word' id='word_1_299' title='bbox 541 3749 584 3815; x_wconf 87' lang='lat'>33,</span> <span class='ocrx_word' id='word_1_300' title='bbox 604 3750 621 3801; x_wconf 83' lang='lat'>4</span> <span class='ocrx_word' id='word_1_301' title='bbox 643 3749 696 3803; x_wconf 93' lang='lat' dir='ltr'>hoc</span> <span class='ocrx_word' id='word_1_302' title='bbox 719 3749 804 3802; x_wconf 87' lang='lat' dir='ltr'>etiam</span> <span class='ocrx_word' id='word_1_303' title='bbox 830 3749 869 3802; x_wconf 88' lang='lat' dir='ltr'>de</span> 
     </span>
     <span class='ocr_line' id='line_1_46' title="bbox 152 3818 868 3889; baseline 0 -17"><span class='ocrx_word' id='word_1_304' title='bbox 152 3818 223 3873; x_wconf 83' lang='lat' dir='ltr'>Gdo</span> <span class='ocrx_word' id='word_1_305' title='bbox 243 3819 348 3874; x_wconf 86' lang='lat' dir='ltr'>Cordus</span> <span class='ocrx_word' id='word_1_306' title='bbox 377 3821 443 3873; x_wconf 86' lang='lat' dir='ltr'>-isse</span> <span class='ocrx_word' id='word_1_307' title='bbox 462 3820 618 3889; x_wconf 79' lang='lat' dir='ltr'>perscribit.</span> <span class='ocrx_word' id='word_1_308' title='bbox 656 3832 680 3885; x_wconf 75' lang='lat' dir='ltr'>c)</span> <span class='ocrx_word' id='word_1_309' title='bbox 704 3820 729 3872; x_wconf 89' lang='lat' dir='ltr'>H</span> <span class='ocrx_word' id='word_1_310' title='bbox 748 3821 773 3877; x_wconf 86' lang='grc'>4,</span> <span class='ocrx_word' id='word_1_311' title='bbox 793 3820 809 3872; x_wconf 84' lang='grc'><strong>9</strong></span> <span class='ocrx_word' id='word_1_312' title='bbox 828 3822 868 3887; x_wconf 90' lang='lat' dir='ltr'>ut,</span> 
     </span>
     <span class='ocr_line' id='line_1_47' title="bbox 151 3889 869 3961; baseline 0.001 -19"><span class='ocrx_word' id='word_1_313' title='bbox 151 3889 259 3958; x_wconf 90' lang='lat' dir='ltr'>siquid</span> <span class='ocrx_word' id='word_1_314' title='bbox 280 3892 309 3946; x_wconf 92' lang='lat' dir='ltr'>ei</span> <span class='ocrx_word' id='word_1_315' title='bbox 332 3892 420 3953; x_wconf 84' lang='lat' dir='ltr'>-isset,</span> <span class='ocrx_word' id='word_1_316' title='bbox 444 3892 599 3961; x_wconf 89' lang='lat' dir='ltr'>prinoipem</span> <span class='ocrx_word' id='word_1_317' title='bbox 619 3891 760 3944; x_wconf 84' lang='lat' dir='ltr'>Romanae</span> <span class='ocrx_word' id='word_1_318' title='bbox 783 3891 823 3943; x_wconf 87' lang='lat' dir='ltr'>rei</span> <span class='ocrx_word' id='word_1_319' title='bbox 842 3909 869 3960; x_wconf 90' lang='lat' dir='ltr'>p.</span> 
     </span>
     <span class='ocr_line' id='line_1_48' title="bbox 151 3961 870 4030; baseline 0.001 -16"><span class='ocrx_word' id='word_1_320' title='bbox 151 3966 264 4015; x_wconf 86' lang='lat' dir='ltr'>senatus</span> <span class='ocrx_word' id='word_1_321' title='bbox 284 3963 372 4016; x_wconf 90' lang='lat' dir='ltr'>daret.</span> <span class='ocrx_word' id='word_1_322' title='bbox 404 3962 439 4026; x_wconf 72' lang='lat' dir='ltr'>cf.</span> <span class='ocrx_word' id='word_1_323' title='bbox 459 3962 504 4015; x_wconf 89' lang='lat' dir='ltr'>Pr.</span> <span class='ocrx_word' id='word_1_324' title='bbox 524 3962 583 4026; x_wconf 70' lang='lat' dir='ltr'>a?</span> <span class='ocrx_word' id='word_1_325' title='bbox 608 3966 647 4029; x_wconf 88' lang='lat' dir='ltr'>ut,</span> <span class='ocrx_word' id='word_1_326' title='bbox 671 3962 694 4015; x_wconf 89' lang='lat' dir='ltr'>si</span> <span class='ocrx_word' id='word_1_327' title='bbox 722 3962 789 4030; x_wconf 90' lang='lat' dir='ltr'>quid</span> <span class='ocrx_word' id='word_1_328' title='bbox 817 3961 870 4015; x_wconf 88' lang='lat' dir='ltr'>sibi</span> 
     </span>
     <span class='ocr_line' id='line_1_49' title="bbox 152 4032 870 4103; baseline 0 -18"><span class='ocrx_word' id='word_1_329' title='bbox 152 4032 253 4087; x_wconf 88' lang='lat' dir='ltr'>scienti</span> <span class='ocrx_word' id='word_1_330' title='bbox 271 4034 459 4102; x_wconf 85' lang='lat' dir='ltr'>prudentique</span> <span class='ocrx_word' id='word_1_331' title='bbox 478 4034 553 4094; x_wconf 83' lang='lat' dir='ltr'>-iret,</span> <span class='ocrx_word' id='word_1_332' title='bbox 573 4033 696 4087; x_wconf 89' lang='lat' dir='ltr'>Probum</span> <span class='ocrx_word' id='word_1_333' title='bbox 714 4033 870 4103; x_wconf 91' lang='lat' dir='ltr'>principem</span> 
     </span>
     <span class='ocr_line' id='line_1_50' title="bbox 151 4100 870 4173; baseline 0.001 -17"><span class='ocrx_word' id='word_1_334' title='bbox 151 4103 267 4158; x_wconf 87' lang='lat' dir='ltr'>faceret.</span> <span class='ocrx_word' id='word_1_335' title='bbox 305 4105 330 4157; x_wconf 88' lang='lat' dir='ltr'>H</span> <span class='ocrx_word' id='word_1_336' title='bbox 347 4105 420 4169; x_wconf 84' lang='grc'>20,3</span> <span class='ocrx_word' id='word_1_337' title='bbox 439 4106 513 4173; x_wconf 89' lang='lat' dir='ltr'>quod</span> <span class='ocrx_word' id='word_1_338' title='bbox 531 4100 654 4168; x_wconf 85' lang='lat' dir='ltr'>timeret,</span> <span class='ocrx_word' id='word_1_339' title='bbox 672 4105 773 4158; x_wconf 84' lang='lat' dir='ltr'>nasibi</span> <span class='ocrx_word' id='word_1_340' title='bbox 787 4105 870 4165; x_wconf 87' lang='lat' dir='ltr'>idem,</span> 
     </span>
     <span class='ocr_line' id='line_1_51' title="bbox 151 4175 869 4242; baseline 0 -14"><span class='ocrx_word' id='word_1_341' title='bbox 151 4175 224 4242; x_wconf 93' lang='lat' dir='ltr'>quod</span> <span class='ocrx_word' id='word_1_342' title='bbox 246 4175 404 4230; x_wconf 88' lang='lat' dir='ltr'>Domitiano</span> <span class='ocrx_word' id='word_1_343' title='bbox 427 4176 573 4241; x_wconf 88' lang='lat' dir='ltr'>accidit,</span> <span class='ocrx_word' id='word_1_344' title='bbox 598 4176 767 4235; x_wconf 78' lang='lat' dir='ltr'>eveniret3</span> <span class='ocrx_word' id='word_1_345' title='bbox 793 4175 869 4239; x_wconf 82' lang='grc'>16,7</span> 
     </span>
     <span class='ocr_line' id='line_1_52' title="bbox 151 4246 870 4316; baseline 0.004 -19"><span class='ocrx_word' id='word_1_346' title='bbox 151 4249 184 4298; x_wconf 91' lang='lat' dir='ltr'>ut</span> <span class='ocrx_word' id='word_1_347' title='bbox 202 4279 235 4285; x_wconf 91' lang='lat'><em>-</em></span> <span class='ocrx_word' id='word_1_348' title='bbox 262 4246 317 4300; x_wconf 88' lang='lat' dir='ltr'>kal.</span> <span class='ocrx_word' id='word_1_349' title='bbox 337 4248 475 4301; x_wconf 84' lang='lat' dir='ltr'>Ianuariis</span> <span class='ocrx_word' id='word_1_350' title='bbox 499 4247 650 4316; x_wconf 81' lang='lat' dir='ltr'>scripserit,</span> <span class='ocrx_word' id='word_1_351' title='bbox 674 4247 786 4315; x_wconf 83' lang='lat' dir='ltr'>quidsi</span> <span class='ocrx_word' id='word_1_352' title='bbox 809 4249 870 4300; x_wconf 90' lang='lat' dir='ltr'>tcto</span> 
     </span>
     <span class='ocr_line' id='line_1_53' title="bbox 151 4318 870 4386; baseline 0.001 -16"><span class='ocrx_word' id='word_1_353' title='bbox 151 4334 224 4370; x_wconf 92' lang='lat' dir='ltr'>anno</span> <span class='ocrx_word' id='word_1_354' title='bbox 243 4323 337 4386; x_wconf 85' lang='lat' dir='ltr'>posset</span> <span class='ocrx_word' id='word_1_355' title='bbox 356 4337 378 4372; x_wconf 91' lang='lat' dir='ltr'>e.</span> <span class='ocrx_word' id='word_1_356' title='bbox 400 4318 457 4372; x_wconf 78' lang='lat' dir='ltr'>ele</span> <span class='ocrx_word' id='word_1_357' title='bbox 477 4320 518 4383; x_wconf 91' lang='grc'>12,</span> <span class='ocrx_word' id='word_1_358' title='bbox 538 4319 555 4371; x_wconf 89' lang='lat'>6</span> <span class='ocrx_word' id='word_1_359' title='bbox 574 4318 650 4371; x_wconf 86' lang='lat' dir='ltr'>Nihil</span> <span class='ocrx_word' id='word_1_360' title='bbox 669 4319 737 4371; x_wconf 91' lang='lat' dir='ltr'>mihi</span> <span class='ocrx_word' id='word_1_361' title='bbox 756 4318 870 4385; x_wconf 81' lang='lat' dir='ltr'>gravius</span> 
     </span>
     <span class='ocr_line' id='line_1_54' title="bbox 151 4390 870 4458; baseline 0 -16"><span class='ocrx_word' id='word_1_362' title='bbox 151 4390 246 4456; x_wconf 86' lang='lat' dir='ltr'>potest</span> <span class='ocrx_word' id='word_1_363' title='bbox 265 4407 297 4456; x_wconf 91' lang='lat' dir='ltr'>e,</span> <span class='ocrx_word' id='word_1_364' title='bbox 320 4408 347 4458; x_wconf 90' lang='lat' dir='ltr'>p.</span> <span class='ocrx_word' id='word_1_365' title='bbox 367 4408 400 4447; x_wconf 84' lang='lat' dir='ltr'>c..</span> <span class='ocrx_word' id='word_1_366' title='bbox 425 4406 508 4458; x_wconf 88' lang='lat' dir='ltr'>quam</span> <span class='ocrx_word' id='word_1_367' title='bbox 533 4393 565 4442; x_wconf 91' lang='lat' dir='ltr'>ut</span> <span class='ocrx_word' id='word_1_368' title='bbox 588 4394 713 4444; x_wconf 83' lang='lat' dir='ltr'>vestrum</span> <span class='ocrx_word' id='word_1_369' title='bbox 737 4390 870 4442; x_wconf 90' lang='lat' dir='ltr'>iudicium</span> 
     </span>
     <span class='ocr_line' id='line_1_55' title="bbox 151 4460 644 4530; baseline -0.002 -16"><span class='ocrx_word' id='word_1_370' title='bbox 151 4460 214 4514; x_wconf 82' lang='lat' dir='ltr'>Alb.</span> <span class='ocrx_word' id='word_1_371' title='bbox 233 4461 381 4515; x_wconf 87' lang='lat' dir='ltr'>haberet</span> <span class='ocrx_word' id='word_1_372' title='bbox 399 4462 493 4530; x_wconf 89' lang='lat' dir='ltr'>potius</span> <span class='ocrx_word' id='word_1_373' title='bbox 515 4479 598 4530; x_wconf 88' lang='lat' dir='ltr'>quam</span> <span class='ocrx_word' id='word_1_374' title='bbox 618 4461 644 4514; x_wconf 91' lang='lat' dir='ltr'>S.</span> 
     </span>
    </p>

    <p class='ocr_par' dir='ltr' id='par_1_6' title="bbox 151 4532 870 5170">
     <span class='ocr_line' id='line_1_56' title="bbox 187 4532 869 4602; baseline -0.004 -15"><span class='ocrx_word' id='word_1_375' title='bbox 187 4534 364 4587; x_wconf 74' lang='lat' dir='ltr'>eventus.</span> <span class='ocrx_word' id='word_1_376' title='bbox 401 4540 429 4598; x_wconf 82' lang='lat' dir='ltr'>a]</span> <span class='ocrx_word' id='word_1_377' title='bbox 459 4533 535 4602; x_wconf 68' lang='lat' dir='ltr'>Sine.</span> <span class='ocrx_word' id='word_1_378' title='bbox 565 4532 702 4592; x_wconf 62' lang='grc'>46147</span> <span class='ocrx_word' id='word_1_379' title='bbox 732 4534 780 4586; x_wconf 90' lang='lat' dir='ltr'>sed</span> <span class='ocrx_word' id='word_1_380' title='bbox 810 4532 869 4586; x_wconf 85' lang='lat' dir='ltr'>eius</span> 
     </span>
     <span class='ocr_line' id='line_1_57' title="bbox 151 4603 870 4671; baseline 0 -15"><span class='ocrx_word' id='word_1_381' title='bbox 151 4603 272 4656; x_wconf 88' lang='lat' dir='ltr'>consiliis</span> <span class='ocrx_word' id='word_1_382' title='bbox 301 4603 384 4656; x_wconf 82' lang='lat' dir='ltr'>’iuvit</span> <span class='ocrx_word' id='word_1_383' title='bbox 411 4604 514 4665; x_wconf 83' lang='lat' dir='ltr'>(defuit</span> <span class='ocrx_word' id='word_1_384' title='bbox 538 4604 618 4657; x_wconf 84' lang='lat' dir='ltr'>Mms.</span> <span class='ocrx_word' id='word_1_385' title='bbox 637 4621 660 4656; x_wconf 86' lang='lat' dir='ltr'>r.</span> <span class='ocrx_word' id='word_1_386' title='bbox 682 4604 759 4658; x_wconf 74' lang='lat' dir='ltr'>Seue.</span> <span class='ocrx_word' id='word_1_387' title='bbox 775 4621 805 4671; x_wconf 84' lang='lat' dir='ltr'>p.</span> <span class='ocrx_word' id='word_1_388' title='bbox 827 4607 870 4671; x_wconf 81' lang='lat'>19)</span> 
     </span>
     <span class='ocr_line' id='line_1_58' title="bbox 151 4673 870 4744; baseline 0.001 -19"><span class='ocrx_word' id='word_1_389' title='bbox 151 4691 175 4726; x_wconf 90' lang='lat' dir='ltr'>e.</span> <span class='ocrx_word' id='word_1_390' title='bbox 198 4673 249 4726; x_wconf 90' lang='lat' dir='ltr'>PN</span> <span class='ocrx_word' id='word_1_391' title='bbox 267 4674 328 4738; x_wconf 83' lang='grc'>3,2</span> <span class='ocrx_word' id='word_1_392' title='bbox 356 4676 429 4742; x_wconf 90' lang='lat' dir='ltr'>quod</span> <span class='ocrx_word' id='word_1_393' title='bbox 457 4676 587 4744; x_wconf 88' lang='lat' dir='ltr'>probavit</span> <span class='ocrx_word' id='word_1_394' title='bbox 615 4675 655 4728; x_wconf 90' lang='lat' dir='ltr'>rei</span> <span class='ocrx_word' id='word_1_395' title='bbox 674 4691 698 4728; x_wconf 91' lang='lat' dir='ltr'>e.</span> <span class='ocrx_word' id='word_1_396' title='bbox 736 4674 789 4727; x_wconf 84' lang='lat' dir='ltr'>Dd.</span> <span class='ocrx_word' id='word_1_397' title='bbox 808 4674 870 4741; x_wconf 85' lang='lat' dir='ltr'>b,3</span> 
     </span>
     <span class='ocr_line' id='line_1_59' title="bbox 151 4745 870 4815; baseline 0.001 -18"><span class='ocrx_word' id='word_1_398' title='bbox 151 4745 225 4812; x_wconf 90' lang='lat' dir='ltr'>quod</span> <span class='ocrx_word' id='word_1_399' title='bbox 249 4746 330 4800; x_wconf 90' lang='lat' dir='ltr'>multi</span> <span class='ocrx_word' id='word_1_400' title='bbox 358 4746 512 4800; x_wconf 87' lang='lat' dir='ltr'>ominosum</span> <span class='ocrx_word' id='word_1_401' title='bbox 540 4749 675 4815; x_wconf 87' lang='lat' dir='ltr'>putarunt</span> <span class='ocrx_word' id='word_1_402' title='bbox 694 4777 737 4807; x_wconf 86' lang='lat'>-,</span> <span class='ocrx_word' id='word_1_403' title='bbox 765 4747 870 4799; x_wconf 90' lang='lat' dir='ltr'>clarum</span> 
     </span>
     <span class='ocr_line' id='line_1_60' title="bbox 151 4817 870 4885; baseline 0.001 -17"><span class='ocrx_word' id='word_1_404' title='bbox 151 4820 246 4870; x_wconf 85' lang='lat' dir='ltr'>eutem</span> <span class='ocrx_word' id='word_1_405' title='bbox 265 4834 287 4870; x_wconf 87' lang='lat' dir='ltr'>e.</span> <span class='ocrx_word' id='word_1_406' title='bbox 317 4818 448 4872; x_wconf 86' lang='lat' dir='ltr'>ostendit.</span> <span class='ocrx_word' id='word_1_407' title='bbox 473 4851 507 4858; x_wconf 96' lang='lat'><em>-</em></span> <span class='ocrx_word' id='word_1_408' title='bbox 530 4817 573 4870; x_wconf 82' lang='lat' dir='ltr'>AS</span> <span class='ocrx_word' id='word_1_409' title='bbox 587 4818 670 4885; x_wconf 48' lang='grc' dir='ltr'>Ἰ36,2</span> <span class='ocrx_word' id='word_1_410' title='bbox 699 4817 870 4884; x_wconf 83' lang='lat' dir='ltr'>dixissetque</span> 
     </span>
     <span class='ocr_line' id='line_1_61' title="bbox 152 4888 869 4958; baseline 0.003 -20"><span class='ocrx_word' id='word_1_411' title='bbox 152 4904 182 4939; x_wconf 89' lang='lat' dir='ltr'>se</span> <span class='ocrx_word' id='word_1_412' title='bbox 206 4888 344 4956; x_wconf 80' lang='lat' dir='ltr'>quaedam</span> <span class='ocrx_word' id='word_1_413' title='bbox 367 4889 443 4958; x_wconf 80' lang='lat' dir='ltr'>impi</span> <span class='ocrx_word' id='word_1_414' title='bbox 466 4889 576 4952; x_wconf 84' lang='lat' dir='ltr'>dixisse,</span> <span class='ocrx_word' id='word_1_415' title='bbox 601 4921 635 4928; x_wconf 93' lang='lat'><em>-</em></span> <span class='ocrx_word' id='word_1_416' title='bbox 658 4907 718 4941; x_wconf 93' lang='lat' dir='ltr'>·um</span> <span class='ocrx_word' id='word_1_417' title='bbox 737 4888 869 4941; x_wconf 78' lang='lat' dir='ltr'>vendens.</span> 
     </span>
     <span class='ocr_line' id='line_1_62' title="bbox 151 4958 868 5021; baseline 0.003 -11"><span class='ocrx_word' id='word_1_418' title='bbox 151 4958 178 5021; x_wconf 87' lang='lat' dir='ltr'>b)</span> <span class='ocrx_word' id='word_1_419' title='bbox 198 4958 274 5013; x_wconf 82' lang='lat' dir='ltr'>Plur.</span> <span class='ocrx_word' id='word_1_420' title='bbox 295 4958 316 5012; x_wconf 83' lang='lat' dir='ltr'>O</span> <span class='ocrx_word' id='word_1_421' title='bbox 336 4960 413 5017; x_wconf 69' lang='grc'>141</span> <span class='ocrx_word' id='word_1_422' title='bbox 442 4961 629 5014; x_wconf 88' lang='lat' dir='ltr'>vendiderunt</span> <span class='ocrx_word' id='word_1_423' title='bbox 652 4960 703 5013; x_wconf 86' lang='lat' dir='ltr'>sub</span> <span class='ocrx_word' id='word_1_424' title='bbox 731 4976 765 5012; x_wconf 88' lang='lat' dir='ltr'>eo</span> <span class='ocrx_word' id='word_1_425' title='bbox 784 4959 868 5012; x_wconf 88' lang='lat' dir='ltr'>ctiam</span> 
     </span>
     <span class='ocr_line' id='line_1_63' title="bbox 152 5029 868 5097; baseline 0.003 -17"><span class='ocrx_word' id='word_1_426' title='bbox 152 5047 176 5080; x_wconf 85' lang='lat' dir='ltr'>c.</span> <span class='ocrx_word' id='word_1_427' title='bbox 206 5029 297 5083; x_wconf 91' lang='lat' dir='ltr'>litium</span> <span class='ocrx_word' id='word_1_428' title='bbox 324 5031 427 5084; x_wconf 86' lang='lat' dir='ltr'>liberti.</span> <span class='ocrx_word' id='word_1_429' title='bbox 461 5032 495 5095; x_wconf 74' lang='lat' dir='ltr'>cs.</span> <span class='ocrx_word' id='word_1_430' title='bbox 524 5033 567 5085; x_wconf 79' lang='lat' dir='ltr'>AS</span> <span class='ocrx_word' id='word_1_431' title='bbox 593 5032 638 5094; x_wconf 80' lang='lat'>36,</span> <span class='ocrx_word' id='word_1_432' title='bbox 655 5033 680 5084; x_wconf 87' lang='lat'>3.</span> <span class='ocrx_word' id='word_1_433' title='bbox 716 5029 779 5083; x_wconf 75' lang='lat' dir='ltr'>Car.</span> <span class='ocrx_word' id='word_1_434' title='bbox 807 5030 868 5097; x_wconf 78' lang='grc'>3,7</span> 
     </span>
     <span class='ocr_line' id='line_1_64' title="bbox 153 5099 869 5170; baseline 0.004 -20"><span class='ocrx_word' id='word_1_435' title='bbox 153 5099 220 5152; x_wconf 79' lang='lat' dir='ltr'>nihil</span> <span class='ocrx_word' id='word_1_436' title='bbox 240 5104 298 5154; x_wconf 89' lang='lat' dir='ltr'>tam</span> <span class='ocrx_word' id='word_1_437' title='bbox 311 5106 422 5169; x_wconf 79' lang='lat' dir='ltr'>gratum</span> <span class='ocrx_word' id='word_1_438' title='bbox 443 5121 502 5156; x_wconf 88' lang='lat' dir='ltr'>esse</span> <span class='ocrx_word' id='word_1_439' title='bbox 517 5102 654 5170; x_wconf 85' lang='lat' dir='ltr'>fortunae,</span> <span class='ocrx_word' id='word_1_440' title='bbox 674 5119 756 5170; x_wconf 90' lang='lat' dir='ltr'>quam</span> <span class='ocrx_word' id='word_1_441' title='bbox 777 5106 808 5153; x_wconf 88' lang='lat' dir='ltr'>ut</span> <span class='ocrx_word' id='word_1_442' title='bbox 826 5118 869 5166; x_wconf 88' lang='lat' dir='ltr'>ea,</span> 
     </span>
    </p>
   </div>
   <div class='ocr_carea' id='block_1_3' title="bbox 676 459 1119 523">
    <p class='ocr_par' dir='ltr' id='par_1_7' title="bbox 676 459 1119 523">
     <span class='ocr_line' id='line_1_65' title="bbox 676 459 1119 523; baseline 0.005 -11"><span class='ocrx_word' id='word_1_443' title='bbox 676 459 820 523; x_wconf 63' lang='lat' dir='ltr'>everam</span> <span class='ocrx_word' id='word_1_444' title='bbox 837 489 872 499; x_wconf 87' lang='lat'>-</span> <span class='ocrx_word' id='word_1_445' title='bbox 888 462 1119 515; x_wconf 79' lang='lat' dir='ltr'>exardescere</span> 
     </span>
    </p>
   </div>
   <div class='ocr_carea' id='block_1_4' title="bbox 922 618 1639 902">
    <p class='ocr_par' dir='ltr' id='par_1_8' title="bbox 922 618 1639 902">
     <span class='ocr_line' id='line_1_66' title="bbox 922 618 1638 688; baseline 0.004 -18"><span class='ocrx_word' id='word_1_446' title='bbox 922 635 997 686; x_wconf 85' lang='lat' dir='ltr'>quae</span> <span class='ocrx_word' id='word_1_447' title='bbox 1012 618 1119 671; x_wconf 90' lang='lat' dir='ltr'>suntin</span> <span class='ocrx_word' id='word_1_448' title='bbox 1138 618 1258 688; x_wconf 86' lang='lat' dir='ltr'>publicis</span> <span class='ocrx_word' id='word_1_449' title='bbox 1273 619 1390 682; x_wconf 87' lang='lat' dir='ltr'>actibus,</span> <span class='ocrx_word' id='word_1_450' title='bbox 1409 637 1489 672; x_wconf 91' lang='lat' dir='ltr'>-uum</span> <span class='ocrx_word' id='word_1_451' title='bbox 1502 619 1638 674; x_wconf 74' lang='lat' dir='ltr'>renotata</span> 
     </span>
     <span class='ocr_line' id='line_1_67' title="bbox 922 688 1639 759; baseline 0.004 -17"><span class='ocrx_word' id='word_1_452' title='bbox 922 692 1074 742; x_wconf 89' lang='lat' dir='ltr'>mutentur.</span> <span class='ocrx_word' id='word_1_453' title='bbox 1106 690 1141 754; x_wconf 74' lang='lat' dir='ltr'>cf.</span> <span class='ocrx_word' id='word_1_454' title='bbox 1171 688 1242 745; x_wconf 84' lang='lat' dir='ltr'>Gall.</span> <span class='ocrx_word' id='word_1_455' title='bbox 1271 689 1301 751; x_wconf 81' lang='lat'>7,</span> <span class='ocrx_word' id='word_1_456' title='bbox 1326 692 1341 742; x_wconf 98' lang='grc'><strong>1</strong></span> <span class='ocrx_word' id='word_1_457' title='bbox 1389 690 1498 744; x_wconf 87' lang='lat' dir='ltr'>luribue</span> <span class='ocrx_word' id='word_1_458' title='bbox 1530 690 1639 759; x_wconf 82' lang='lat' dir='ltr'>proeliis</span> 
     </span>
     <span class='ocr_line' id='line_1_68' title="bbox 922 709 1639 830; baseline 0.006 -18"><span class='ocrx_word' id='word_1_459' title='bbox 922 778 996 813; x_wconf 88' lang='lat' dir='ltr'>-uum</span> <span class='ocrx_word' id='word_1_460' title='bbox 1016 759 1183 815; x_wconf 84' lang='lat' dir='ltr'>&#39;variatione</span> <span class='ocrx_word' id='word_1_461' title='bbox 1198 761 1318 819; x_wconf 78' lang='lat' dir='ltr'>tratione</span> <span class='ocrx_word' id='word_1_462' title='bbox 1331 709 1399 827; x_wconf 65' lang='lat' dir='ltr'>coil)</span> <span class='ocrx_word' id='word_1_463' title='bbox 1413 761 1538 816; x_wconf 82' lang='lat' dir='ltr'>decursis</span> <span class='ocrx_word' id='word_1_464' title='bbox 1557 764 1639 830; x_wconf 71' lang='lat' dir='ltr'>(mum</span> 
     </span>
     <span class='ocr_line' id='line_1_69' title="bbox 923 831 1288 902; baseline 0.008 -18"><span class='ocrx_word' id='word_1_465' title='bbox 923 831 1031 885; x_wconf 88' lang='lat' dir='ltr'>ratione</span> <span class='ocrx_word' id='word_1_466' title='bbox 1051 833 1168 885; x_wconf 86' lang='lat' dir='ltr'>diversis</span> <span class='ocrx_word' id='word_1_467' title='bbox 1188 832 1288 902; x_wconf 65' lang='lat' dir='ltr'>Eece).</span> 
     </span>
    </p>
   </div>
   <div class='ocr_carea' id='block_1_5' title="bbox 921 917 1644 1700">
    <p class='ocr_par' dir='ltr' id='par_1_9' title="bbox 921 917 1644 1614">
     <span class='ocr_line' id='line_1_70' title="bbox 959 917 1641 979; baseline 0.001 -5"><span class='ocrx_word' id='word_1_468' title='bbox 959 917 1124 975; x_wconf 79' lang='lat' dir='ltr'>eversio.</span> <span class='ocrx_word' id='word_1_469' title='bbox 1161 922 1185 973; x_wconf 83' lang='lat' dir='ltr'>A</span> <span class='ocrx_word' id='word_1_470' title='bbox 1207 921 1292 979; x_wconf 84' lang='grc'>23,2</span> <span class='ocrx_word' id='word_1_471' title='bbox 1320 939 1383 975; x_wconf 92' lang='lat' dir='ltr'>cum</span> <span class='ocrx_word' id='word_1_472' title='bbox 1411 921 1515 975; x_wconf 84' lang='lat' dir='ltr'>milites</span> <span class='ocrx_word' id='word_1_473' title='bbox 1534 952 1570 961; x_wconf 91' lang='lat'>—</span> <span class='ocrx_word' id='word_1_474' title='bbox 1589 923 1641 976; x_wconf 81' lang='lat' dir='ltr'>-eni</span> 
     </span>
     <span class='ocr_line' id='line_1_71' title="bbox 923 990 1641 1060; baseline 0.006 -17"><span class='ocrx_word' id='word_1_475' title='bbox 923 990 1001 1043; x_wconf 87' lang='lat' dir='ltr'>urbis</span> <span class='ocrx_word' id='word_1_476' title='bbox 1019 990 1217 1060; x_wconf 75' lang='lat' dir='ltr'>exposcerent:</span> <span class='ocrx_word' id='word_1_477' title='bbox 1240 992 1283 1048; x_wconf 84' lang='grc'>24.</span> <span class='ocrx_word' id='word_1_478' title='bbox 1303 992 1321 1046; x_wconf 82' lang='lat'><strong>3</strong></span> <span class='ocrx_word' id='word_1_479' title='bbox 1342 992 1433 1046; x_wconf 81' lang='lat' dir='ltr'>fertur</span> <span class='ocrx_word' id='word_1_480' title='bbox 1453 1023 1484 1033; x_wconf 94' lang='lat'>-</span> <span class='ocrx_word' id='word_1_481' title='bbox 1507 997 1588 1047; x_wconf 69' lang='lat' dir='ltr'>hum</span> <span class='ocrx_word' id='word_1_482' title='bbox 1611 993 1641 1047; x_wconf 89' lang='lat' dir='ltr'>de</span> 
     </span>
     <span class='ocr_line' id='line_1_72' title="bbox 923 1060 1641 1133; baseline 0.006 -20"><span class='ocrx_word' id='word_1_483' title='bbox 923 1060 1056 1130; x_wconf 82' lang='lat' dir='ltr'>Thyanae</span> <span class='ocrx_word' id='word_1_484' title='bbox 1076 1062 1199 1117; x_wconf 78' lang='lat' dir='ltr'>civitatis</span> <span class='ocrx_word' id='word_1_485' title='bbox 1219 1081 1246 1116; x_wconf 92' lang='lat' dir='ltr'>-e</span> <span class='ocrx_word' id='word_1_486' title='bbox 1266 1079 1332 1117; x_wconf 87' lang='lat' dir='ltr'>vere</span> <span class='ocrx_word' id='word_1_487' title='bbox 1352 1063 1463 1133; x_wconf 73' lang='lat' dir='ltr'>dixisse,</span> <span class='ocrx_word' id='word_1_488' title='bbox 1483 1080 1550 1118; x_wconf 84' lang='lat' dir='ltr'>vere</span> <span class='ocrx_word' id='word_1_489' title='bbox 1569 1064 1641 1133; x_wconf 76' lang='lat' dir='ltr'>cogi·</span> 
     </span>
     <span class='ocr_line' id='line_1_73' title="bbox 922 1136 1006 1186; baseline -0.012 0"><span class='ocrx_word' id='word_1_490' title='bbox 922 1136 1006 1186; x_wconf 87' lang='lat' dir='ltr'>tasse.</span> 
     </span>
     <span class='ocr_line' id='line_1_74' title="bbox 958 1205 1641 1276; baseline -0.001 -17"><span class='ocrx_word' id='word_1_491' title='bbox 958 1205 1149 1260; x_wconf 82' lang='lat' dir='ltr'>evertere.</span> <span class='ocrx_word' id='word_1_492' title='bbox 1186 1212 1214 1270; x_wconf 86' lang='lat' dir='ltr'>a)</span> <span class='ocrx_word' id='word_1_493' title='bbox 1234 1206 1258 1258; x_wconf 79' lang='lat' dir='ltr'>A</span> <span class='ocrx_word' id='word_1_494' title='bbox 1276 1207 1323 1264; x_wconf 79' lang='lat'>31.</span> <span class='ocrx_word' id='word_1_495' title='bbox 1342 1205 1360 1258; x_wconf 81' lang='lat'><strong>3</strong></span> <span class='ocrx_word' id='word_1_496' title='bbox 1382 1207 1490 1273; x_wconf 86' lang='lat' dir='ltr'>urbem,</span> <span class='ocrx_word' id='word_1_497' title='bbox 1515 1205 1582 1276; x_wconf 90' lang='lat' dir='ltr'>quia</span> <span class='ocrx_word' id='word_1_498' title='bbox 1604 1206 1641 1259; x_wconf 85' lang='lat' dir='ltr'>ite</span> 
     </span>
     <span class='ocr_line' id='line_1_75' title="bbox 922 1275 1642 1346; baseline 0.003 -19"><span class='ocrx_word' id='word_1_499' title='bbox 922 1275 1092 1344; x_wconf 89' lang='lat' dir='ltr'>merebatur,</span> <span class='ocrx_word' id='word_1_500' title='bbox 1112 1276 1154 1330; x_wconf 91' lang='lat' dir='ltr'>·it.</span> <span class='ocrx_word' id='word_1_501' title='bbox 1192 1276 1218 1345; x_wconf 79' lang='lat' dir='ltr'>b)</span> <span class='ocrx_word' id='word_1_502' title='bbox 1238 1276 1281 1329; x_wconf 82' lang='lat' dir='ltr'>AS</span> <span class='ocrx_word' id='word_1_503' title='bbox 1301 1277 1374 1340; x_wconf 87' lang='grc'>20,4</span> <span class='ocrx_word' id='word_1_504' title='bbox 1393 1277 1443 1330; x_wconf 90' lang='lat' dir='ltr'>sed</span> <span class='ocrx_word' id='word_1_505' title='bbox 1456 1276 1507 1346; x_wconf 78' lang='lat' dir='ltr'>ita,</span> <span class='ocrx_word' id='word_1_506' title='bbox 1521 1283 1555 1330; x_wconf 90' lang='lat' dir='ltr'>ut</span> <span class='ocrx_word' id='word_1_507' title='bbox 1567 1293 1642 1330; x_wconf 76' lang='lat' dir='ltr'>aera</span> 
     </span>
     <span class='ocr_line' id='line_1_76' title="bbox 923 1346 1643 1416; baseline 0.004 -18"><span class='ocrx_word' id='word_1_508' title='bbox 923 1346 994 1399; x_wconf 91' lang='lat' dir='ltr'>rium</span> <span class='ocrx_word' id='word_1_509' title='bbox 1022 1363 1078 1400; x_wconf 92' lang='lat' dir='ltr'>non</span> <span class='ocrx_word' id='word_1_510' title='bbox 1105 1350 1193 1416; x_wconf 85' lang='lat' dir='ltr'>·eret;</span> <span class='ocrx_word' id='word_1_511' title='bbox 1222 1347 1303 1414; x_wconf 84' lang='grc'>21,9</span> <span class='ocrx_word' id='word_1_512' title='bbox 1333 1351 1373 1415; x_wconf 88' lang='lat' dir='ltr'>ut,</span> <span class='ocrx_word' id='word_1_513' title='bbox 1407 1365 1470 1402; x_wconf 88' lang='lat' dir='ltr'>cnm</span> <span class='ocrx_word' id='word_1_514' title='bbox 1501 1347 1643 1403; x_wconf 82' lang='lat' dir='ltr'>frumenta</span> 
     </span>
     <span class='ocr_line' id='line_1_77' title="bbox 922 1417 1644 1488; baseline 0.003 -18"><span class='ocrx_word' id='word_1_515' title='bbox 922 1417 983 1471; x_wconf 87' lang='lat' dir='ltr'>Hel.</span> <span class='ocrx_word' id='word_1_516' title='bbox 1011 1418 1099 1482; x_wconf 85' lang='lat' dir='ltr'>-isset,</span> <span class='ocrx_word' id='word_1_517' title='bbox 1127 1418 1173 1472; x_wconf 93' lang='lat' dir='ltr'>hic</span> <span class='ocrx_word' id='word_1_518' title='bbox 1201 1421 1296 1488; x_wconf 90' lang='lat' dir='ltr'>empta</span> <span class='ocrx_word' id='word_1_519' title='bbox 1323 1420 1357 1472; x_wconf 89' lang='lat' dir='ltr'>de</span> <span class='ocrx_word' id='word_1_520' title='bbox 1385 1420 1501 1488; x_wconf 88' lang='lat' dir='ltr'>propria</span> <span class='ocrx_word' id='word_1_521' title='bbox 1526 1419 1644 1488; x_wconf 84' lang='lat' dir='ltr'>pecunia</span> 
     </span>
     <span class='ocr_line' id='line_1_78' title="bbox 922 1488 1644 1559; baseline 0.003 -19"><span class='ocrx_word' id='word_1_522' title='bbox 922 1488 984 1542; x_wconf 90' lang='lat' dir='ltr'>loco</span> <span class='ocrx_word' id='word_1_523' title='bbox 1002 1506 1053 1542; x_wconf 90' lang='lat' dir='ltr'>eno</span> <span class='ocrx_word' id='word_1_524' title='bbox 1072 1495 1229 1558; x_wconf 85' lang='lat' dir='ltr'>reponeret.</span> <span class='ocrx_word' id='word_1_525' title='bbox 1267 1494 1291 1553; x_wconf 76' lang='lat' dir='ltr'>c)</span> <span class='ocrx_word' id='word_1_526' title='bbox 1312 1489 1364 1543; x_wconf 86' lang='lat' dir='ltr'>Gd.</span> <span class='ocrx_word' id='word_1_527' title='bbox 1382 1491 1456 1549; x_wconf 65' lang='lat' dir='ltr'>aab</span> <span class='ocrx_word' id='word_1_528' title='bbox 1474 1507 1561 1559; x_wconf 90' lang='lat' dir='ltr'>quem</span> <span class='ocrx_word' id='word_1_529' title='bbox 1579 1491 1644 1543; x_wconf 86' lang='lat' dir='ltr'>titu-</span> 
     </span>
     <span class='ocr_line' id='line_1_79' title="bbox 921 1560 1335 1614; baseline 0.005 -3"><span class='ocrx_word' id='word_1_530' title='bbox 921 1560 980 1612; x_wconf 93' lang='lat' dir='ltr'>lum</span> <span class='ocrx_word' id='word_1_531' title='bbox 999 1560 1065 1613; x_wconf 87' lang='lat' dir='ltr'>-isse</span> <span class='ocrx_word' id='word_1_532' title='bbox 1086 1561 1206 1614; x_wconf 84' lang='lat' dir='ltr'>Licinius</span> <span class='ocrx_word' id='word_1_533' title='bbox 1226 1561 1335 1614; x_wconf 90' lang='lat' dir='ltr'>dicitur.</span> 
     </span>
    </p>

    <p class='ocr_par' dir='ltr' id='par_1_10' title="bbox 959 1629 1644 1700">
     <span class='ocr_line' id='line_1_80' title="bbox 959 1629 1644 1700; baseline 0 -15"><span class='ocrx_word' id='word_1_534' title='bbox 959 1629 1152 1687; x_wconf 75' lang='lat' dir='ltr'>evincere.</span> <span class='ocrx_word' id='word_1_535' title='bbox 1190 1631 1243 1685; x_wconf 81' lang='lat' dir='ltr'>Ge.</span> <span class='ocrx_word' id='word_1_536' title='bbox 1263 1632 1337 1700; x_wconf 81' lang='lat'>26,3</span> <span class='ocrx_word' id='word_1_537' title='bbox 1356 1636 1388 1685; x_wconf 90' lang='lat' dir='ltr'>ut</span> <span class='ocrx_word' id='word_1_538' title='bbox 1405 1631 1451 1685; x_wconf 78' lang='lat' dir='ltr'>vel</span> <span class='ocrx_word' id='word_1_539' title='bbox 1470 1631 1584 1685; x_wconf 84' lang='lat' dir='ltr'>auxiliis</span> <span class='ocrx_word' id='word_1_540' title='bbox 1603 1634 1644 1685; x_wconf 84' lang='lat' dir='ltr'>vel</span> 
     </span>
    </p>
   </div>
   <div class='ocr_carea' id='block_1_6' title="bbox 923 1701 1645 1829">
    <p class='ocr_par' dir='ltr' id='par_1_11' title="bbox 923 1701 1645 1829">
     <span class='ocr_line' id='line_1_81' title="bbox 924 1701 1645 1829; baseline 0.004 -75"><span class='ocrx_word' id='word_1_541' title='bbox 924 1701 1058 1829; x_wconf 43' lang='lat' dir='ltr'>mogissibus</span> <span class='ocrx_word' id='word_1_542' title='bbox 1086 1702 1170 1756; x_wconf 83' lang='lat' dir='ltr'>facile</span> <span class='ocrx_word' id='word_1_543' title='bbox 1198 1703 1298 1757; x_wconf 90' lang='lat' dir='ltr'>Persas</span> <span class='ocrx_word' id='word_1_544' title='bbox 1329 1704 1473 1758; x_wconf 85' lang='lat' dir='ltr'>evinceret</span> <span class='ocrx_word' id='word_1_545' title='bbox 1504 1703 1645 1771; x_wconf 79' lang='lat' dir='ltr'>(evincere</span> 
     </span>
     <span class='ocr_line' id='line_1_82' title="bbox 923 1789 999 1826; baseline 0 0"><span class='ocrx_word' id='word_1_546' title='bbox 923 1789 938 1826; x_wconf 90' lang='lat' dir='ltr'>c</span> <span class='ocrx_word' id='word_1_547' title='bbox 974 1815 999 1826; x_wconf 93' lang='lat'>..</span> 
     </span>
    </p>
   </div>
   <div class='ocr_carea' id='block_1_7' title="bbox 959 1842 1644 1914">
    <p class='ocr_par' dir='ltr' id='par_1_12' title="bbox 959 1842 1644 1914">
     <span class='ocr_line' id='line_1_83' title="bbox 959 1842 1644 1914; baseline -0.001 -14"><span class='ocrx_word' id='word_1_548' title='bbox 959 1842 1139 1900; x_wconf 70' lang='lat' dir='ltr'>eviraret</span> <span class='ocrx_word' id='word_1_549' title='bbox 1191 1844 1234 1898; x_wconf 81' lang='lat' dir='ltr'>AS</span> <span class='ocrx_word' id='word_1_550' title='bbox 1265 1844 1329 1902; x_wconf 77' lang='grc'><strong>*66.</strong></span> <span class='ocrx_word' id='word_1_551' title='bbox 1353 1845 1370 1898; x_wconf 87' lang='grc'><strong>3</strong></span> <span class='ocrx_word' id='word_1_552' title='bbox 1401 1845 1470 1899; x_wconf 79' lang='lat' dir='ltr'>trad.</span> <span class='ocrx_word' id='word_1_553' title='bbox 1503 1847 1551 1914; x_wconf 92' lang='lat' dir='ltr'>qui</span> <span class='ocrx_word' id='word_1_554' title='bbox 1584 1862 1644 1900; x_wconf 89' lang='lat' dir='ltr'>eum</span> 
     </span>
    </p>
   </div>
   <div class='ocr_carea' id='block_1_8' title="bbox 923 1915 1644 2042">
    <p class='ocr_par' dir='ltr' id='par_1_13' title="bbox 923 1915 1644 2042">
     <span class='ocr_line' id='line_1_84' title="bbox 924 1915 1644 1985; baseline 0.004 -18"><span class='ocrx_word' id='word_1_555' title='bbox 924 1916 1012 1983; x_wconf 89' lang='lat' dir='ltr'>empti</span> <span class='ocrx_word' id='word_1_556' title='bbox 1025 1916 1082 1968; x_wconf 85' lang='lat' dir='ltr'>sint</span> <span class='ocrx_word' id='word_1_557' title='bbox 1095 1919 1125 1968; x_wconf 89' lang='lat' dir='ltr'>ct</span> <span class='ocrx_word' id='word_1_558' title='bbox 1136 1916 1227 1985; x_wconf 76' lang='lat' dir='ltr'>&#39;perui</span> <span class='ocrx_word' id='word_1_559' title='bbox 1240 1915 1334 1971; x_wconf 85' lang='lat' dir='ltr'>fuerit.</span> <span class='ocrx_word' id='word_1_560' title='bbox 1354 1917 1426 1970; x_wconf 88' lang='lat' dir='ltr'>servi</span> <span class='ocrx_word' id='word_1_561' title='bbox 1442 1917 1543 1971; x_wconf 87' lang='lat' dir='ltr'>evirati</span> <span class='ocrx_word' id='word_1_562' title='bbox 1557 1917 1644 1971; x_wconf 78' lang='lat' dir='ltr'>Peter.</span> 
     </span>
     <span class='ocr_line' id='line_1_85' title="bbox 923 1986 1362 2042; baseline 0.002 -3"><span class='ocrx_word' id='word_1_563' title='bbox 923 1987 996 2039; x_wconf 82' lang='lat' dir='ltr'>servi</span> <span class='ocrx_word' id='word_1_564' title='bbox 1015 1986 1121 2040; x_wconf 83' lang='lat' dir='ltr'>fuerint</span> <span class='ocrx_word' id='word_1_565' title='bbox 1140 1988 1246 2041; x_wconf 76' lang='lat' dir='ltr'>Petact.</span> <span class='ocrx_word' id='word_1_566' title='bbox 1267 1989 1362 2042; x_wconf 78' lang='lat'><strong><em>1112.</em></strong></span> 
     </span>
    </p>
   </div>
   <div class='ocr_carea' id='block_1_9' title="bbox 923 2071 1647 3282">
    <p class='ocr_par' dir='ltr' id='par_1_14' title="bbox 924 2071 1645 2287">
     <span class='ocr_line' id='line_1_86' title="bbox 959 2071 1645 2144; baseline 0 -14"><span class='ocrx_word' id='word_1_567' title='bbox 959 2071 1124 2131; x_wconf 70' lang='lat' dir='ltr'>evitare.</span> <span class='ocrx_word' id='word_1_568' title='bbox 1162 2075 1260 2138; x_wconf 82' lang='lat' dir='ltr'>Sb,9</span> <span class='ocrx_word' id='word_1_569' title='bbox 1287 2079 1353 2130; x_wconf 69' lang='lat' dir='ltr'>atis</span> <span class='ocrx_word' id='word_1_570' title='bbox 1381 2094 1477 2132; x_wconf 89' lang='lat' dir='ltr'>eorum</span> <span class='ocrx_word' id='word_1_571' title='bbox 1506 2077 1645 2144; x_wconf 86' lang='lat' dir='ltr'>manibus,</span> 
     </span>
     <span class='ocr_line' id='line_1_87' title="bbox 924 2147 1644 2214; baseline 0.006 -16"><span class='ocrx_word' id='word_1_572' title='bbox 924 2164 993 2214; x_wconf 87' lang='lat' dir='ltr'>quos</span> <span class='ocrx_word' id='word_1_573' title='bbox 1012 2147 1096 2200; x_wconf 88' lang='lat' dir='ltr'>adse</span> <span class='ocrx_word' id='word_1_574' title='bbox 1115 2147 1338 2201; x_wconf 87' lang='lat' dir='ltr'>interficiendum</span> <span class='ocrx_word' id='word_1_575' title='bbox 1359 2147 1409 2201; x_wconf 91' lang='lat' dir='ltr'>lul.</span> <span class='ocrx_word' id='word_1_576' title='bbox 1429 2149 1554 2202; x_wconf 87' lang='lat' dir='ltr'>miserat.</span> <span class='ocrx_word' id='word_1_577' title='bbox 1594 2147 1644 2202; x_wconf 88' lang='lat' dir='ltr'>Gd.</span> 
     </span>
     <span class='ocr_line' id='line_1_88' title="bbox 924 2217 1335 2287; baseline 0.005 -17"><span class='ocrx_word' id='word_1_578' title='bbox 924 2218 949 2285; x_wconf 89' lang='lat'>8,</span> <span class='ocrx_word' id='word_1_579' title='bbox 970 2217 986 2270; x_wconf 84' lang='lat'>6</span> <span class='ocrx_word' id='word_1_580' title='bbox 1005 2217 1083 2270; x_wconf 89' lang='lat' dir='ltr'>-andi</span> <span class='ocrx_word' id='word_1_581' title='bbox 1103 2218 1216 2286; x_wconf 87' lang='lat' dir='ltr'>periculi</span> <span class='ocrx_word' id='word_1_582' title='bbox 1236 2220 1335 2287; x_wconf 84' lang='lat' dir='ltr'>gratia.</span> 
     </span>
    </p>

    <p class='ocr_par' dir='ltr' id='par_1_15' title="bbox 924 2286 1646 2428">
     <span class='ocr_line' id='line_1_89' title="bbox 960 2286 1646 2358; baseline 0 -15"><span class='ocrx_word' id='word_1_583' title='bbox 960 2286 1138 2344; x_wconf 68' lang='lat' dir='ltr'>evitatio·</span> <span class='ocrx_word' id='word_1_584' title='bbox 1176 2289 1260 2358; x_wconf 72' lang='lat' dir='ltr'>Aac,</span> <span class='ocrx_word' id='word_1_585' title='bbox 1280 2292 1296 2341; x_wconf 83' lang='lat'><strong>4</strong></span> <span class='ocrx_word' id='word_1_586' title='bbox 1321 2291 1369 2343; x_wconf 89' lang='lat' dir='ltr'>sed</span> <span class='ocrx_word' id='word_1_587' title='bbox 1394 2289 1487 2344; x_wconf 92' lang='lat' dir='ltr'>omnia</span> <span class='ocrx_word' id='word_1_588' title='bbox 1510 2289 1583 2343; x_wconf 89' lang='lat' dir='ltr'>libro</span> <span class='ocrx_word' id='word_1_589' title='bbox 1607 2289 1646 2343; x_wconf 92' lang='lat' dir='ltr'>in-</span> 
     </span>
     <span class='ocr_line' id='line_1_90' title="bbox 924 2360 1646 2428; baseline 0.001 -15"><span class='ocrx_word' id='word_1_590' title='bbox 924 2361 1038 2413; x_wconf 87' lang='lat' dir='ltr'>nectere</span> <span class='ocrx_word' id='word_1_591' title='bbox 1057 2377 1109 2413; x_wconf 89' lang='lat' dir='ltr'>nec</span> <span class='ocrx_word' id='word_1_592' title='bbox 1121 2377 1268 2428; x_wconf 85' lang='lat' dir='ltr'>possumus</span> <span class='ocrx_word' id='word_1_593' title='bbox 1281 2361 1387 2414; x_wconf 87' lang='lat' dir='ltr'>fastidii</span> <span class='ocrx_word' id='word_1_594' title='bbox 1401 2378 1429 2414; x_wconf 92' lang='lat' dir='ltr'>·e</span> <span class='ocrx_word' id='word_1_595' title='bbox 1442 2378 1493 2414; x_wconf 90' lang='lat' dir='ltr'>nec</span> <span class='ocrx_word' id='word_1_596' title='bbox 1507 2360 1646 2415; x_wconf 87' lang='lat' dir='ltr'>volumus.</span> 
     </span>
    </p>

    <p class='ocr_par' dir='ltr' id='par_1_16' title="bbox 924 2432 1647 2841">
     <span class='ocr_line' id='line_1_91' title="bbox 959 2432 1646 2498; baseline -0.003 -12"><span class='ocrx_word' id='word_1_597' title='bbox 959 2445 1136 2487; x_wconf 76' lang='lat' dir='ltr'>evocare.</span> <span class='ocrx_word' id='word_1_598' title='bbox 1172 2432 1198 2484; x_wconf 88' lang='lat' dir='ltr'>H</span> <span class='ocrx_word' id='word_1_599' title='bbox 1227 2432 1308 2498; x_wconf 78' lang='lat'>17,7</span> <span class='ocrx_word' id='word_1_600' title='bbox 1341 2433 1394 2486; x_wconf 86' lang='lat' dir='ltr'>-ari</span> <span class='ocrx_word' id='word_1_601' title='bbox 1425 2449 1472 2485; x_wconf 90' lang='lat' dir='ltr'>eos</span> <span class='ocrx_word' id='word_1_602' title='bbox 1503 2432 1587 2485; x_wconf 87' lang='lat' dir='ltr'>iussit</span> <span class='ocrx_word' id='word_1_603' title='bbox 1618 2435 1646 2486; x_wconf 89' lang='lat' dir='ltr'>et</span> 
     </span>
     <span class='ocr_line' id='line_1_92' title="bbox 924 2502 1646 2571; baseline 0.004 -17"><span class='ocrx_word' id='word_1_604' title='bbox 924 2503 1007 2555; x_wconf 89' lang='lat' dir='ltr'>alium</span> <span class='ocrx_word' id='word_1_605' title='bbox 1027 2502 1063 2555; x_wconf 91' lang='lat' dir='ltr'>ab</span> <span class='ocrx_word' id='word_1_606' title='bbox 1082 2502 1137 2556; x_wconf 89' lang='lat' dir='ltr'>alio</span> <span class='ocrx_word' id='word_1_607' title='bbox 1151 2502 1271 2557; x_wconf 88' lang='lat' dir='ltr'>invicem</span> <span class='ocrx_word' id='word_1_608' title='bbox 1285 2502 1422 2557; x_wconf 77' lang='lat' dir='ltr'>defricati.</span> <span class='ocrx_word' id='word_1_609' title='bbox 1436 2534 1471 2541; x_wconf 96' lang='lat'>-</span> <span class='ocrx_word' id='word_1_610' title='bbox 1483 2502 1559 2557; x_wconf 83' lang='lat' dir='ltr'>Max.</span> <span class='ocrx_word' id='word_1_611' title='bbox 1573 2503 1616 2571; x_wconf 84' lang='lat'>13,</span> <span class='ocrx_word' id='word_1_612' title='bbox 1629 2503 1646 2557; x_wconf 77' lang='grc' dir='ltr'><strong>ὁ</strong></span> 
     </span>
     <span class='ocr_line' id='line_1_93' title="bbox 924 2572 1646 2643; baseline 0.003 -17"><span class='ocrx_word' id='word_1_613' title='bbox 924 2574 998 2641; x_wconf 94' lang='lat' dir='ltr'>quod</span> <span class='ocrx_word' id='word_1_614' title='bbox 1030 2573 1169 2628; x_wconf 88' lang='lat' dir='ltr'>delatores</span> <span class='ocrx_word' id='word_1_615' title='bbox 1199 2576 1281 2627; x_wconf 85' lang='lat' dir='ltr'>-aret</span> <span class='ocrx_word' id='word_1_616' title='bbox 1332 2573 1372 2628; x_wconf 90' lang='lat' dir='ltr'>DJ</span> <span class='ocrx_word' id='word_1_617' title='bbox 1399 2574 1465 2643; x_wconf 78' lang='grc'>8,3</span> <span class='ocrx_word' id='word_1_618' title='bbox 1496 2572 1646 2628; x_wconf 79' lang='lat' dir='ltr'>Claudium</span> 
     </span>
     <span class='ocr_line' id='line_1_94' title="bbox 924 2645 1551 2715; baseline 0 -18"><span class='ocrx_word' id='word_1_619' title='bbox 924 2645 1123 2714; x_wconf 88' lang='lat' dir='ltr'>Pompeianum</span> <span class='ocrx_word' id='word_1_620' title='bbox 1144 2646 1232 2699; x_wconf 94' lang='lat' dir='ltr'>—ad</span> <span class='ocrx_word' id='word_1_621' title='bbox 1271 2645 1452 2715; x_wconf 86' lang='lat' dir='ltr'>artieipatum</span> <span class='ocrx_word' id='word_1_622' title='bbox 1471 2645 1551 2699; x_wconf 75' lang='lat' dir='ltr'>avit.</span> 
     </span>
     <span class='ocr_line' id='line_1_95' title="bbox 925 2665 1647 2840; baseline -0.004 -69"><span class='ocrx_word' id='word_1_623' title='bbox 925 2712 1153 2840; x_wconf 52' lang='lat' dir='ltr'>bevetlvere.</span> <span class='ocrx_word' id='word_1_624' title='bbox 1192 2718 1214 2768; x_wconf 82' lang='grc' dir='ltr'><strong>Α</strong></span> <span class='ocrx_word' id='word_1_625' title='bbox 1236 2665 1276 2772; x_wconf 59' lang='lat' dir='ltr'>li.</span> <span class='ocrx_word' id='word_1_626' title='bbox 1296 2717 1313 2769; x_wconf 89' lang='lat'><strong>6</strong></span> <span class='ocrx_word' id='word_1_627' title='bbox 1336 2716 1437 2770; x_wconf 87' lang='lat' dir='ltr'>velatis</span> <span class='ocrx_word' id='word_1_628' title='bbox 1461 2716 1593 2770; x_wconf 89' lang='lat' dir='ltr'>manibus</span> <span class='ocrx_word' id='word_1_629' title='bbox 1616 2716 1647 2769; x_wconf 92' lang='lat' dir='ltr'>li·</span> 
     </span>
     <span class='ocr_line' id='line_1_96' title="bbox 943 2803 1066 2841; baseline 0.008 -2"><span class='ocrx_word' id='word_1_630' title='bbox 943 2804 988 2840; x_wconf 88' lang='lat' dir='ltr'>ros</span> <span class='ocrx_word' id='word_1_631' title='bbox 1006 2806 1026 2839; x_wconf 92' lang='grc' dir='ltr'>-ι</span> <span class='ocrx_word' id='word_1_632' title='bbox 1042 2803 1066 2841; x_wconf 91' lang='lat' dir='ltr'>e.</span> 
     </span>
    </p>

    <p class='ocr_par' dir='ltr' id='par_1_17' title="bbox 923 2857 1647 3054">
     <span class='ocr_line' id='line_1_97' title="bbox 959 2857 1646 2914; baseline 0 -2"><span class='ocrx_word' id='word_1_633' title='bbox 959 2871 1154 2914; x_wconf 77' lang='lat' dir='ltr'>evomere.</span> <span class='ocrx_word' id='word_1_634' title='bbox 1191 2857 1235 2912; x_wconf 78' lang='lat' dir='ltr'>AS</span> <span class='ocrx_word' id='word_1_635' title='bbox 1255 2858 1296 2914; x_wconf 74' lang='lat'>17.</span> <span class='ocrx_word' id='word_1_636' title='bbox 1317 2858 1437 2911; x_wconf 82' lang='lat' dir='ltr'>aut-</span> <span class='ocrx_word' id='word_1_637' title='bbox 1451 2858 1646 2912; x_wconf 87' lang='lat' dir='ltr'>commotione</span> 
     </span>
     <span class='ocr_line' id='line_1_98' title="bbox 924 2929 1647 2984; baseline 0.003 -3"><span class='ocrx_word' id='word_1_638' title='bbox 924 2929 1009 2982; x_wconf 87' lang='lat' dir='ltr'>animi</span> <span class='ocrx_word' id='word_1_639' title='bbox 1037 2929 1174 2984; x_wconf 87' lang='lat' dir='ltr'>stomachi</span> <span class='ocrx_word' id='word_1_640' title='bbox 1202 2931 1344 2983; x_wconf 89' lang='lat' dir='ltr'>choleram</span> <span class='ocrx_word' id='word_1_641' title='bbox 1371 2931 1446 2984; x_wconf 89' lang='lat' dir='ltr'>-eret</span> <span class='ocrx_word' id='word_1_642' title='bbox 1475 2931 1537 2983; x_wconf 84' lang='lat' dir='ltr'>toto</span> <span class='ocrx_word' id='word_1_643' title='bbox 1567 2931 1647 2983; x_wconf 86' lang='lat' dir='ltr'>vultu</span> 
     </span>
     <span class='ocr_line' id='line_1_99' title="bbox 923 3000 1127 3054; baseline 0.015 -3"><span class='ocrx_word' id='word_1_644' title='bbox 923 3000 1127 3054; x_wconf 88' lang='lat' dir='ltr'>inardescente.</span> 
     </span>
    </p>

    <p class='ocr_par' dir='ltr' id='par_1_18' title="bbox 923 3071 1647 3282">
     <span class='ocr_line' id='line_1_100' title="bbox 948 3071 1647 3141; baseline -0.001 -14"><span class='ocrx_word' id='word_1_645' title='bbox 948 3073 1132 3127; x_wconf 63' lang='lat' dir='ltr'>&#39;exactem</span> <span class='ocrx_word' id='word_1_646' title='bbox 1169 3072 1212 3126; x_wconf 82' lang='lat' dir='ltr'>As</span> <span class='ocrx_word' id='word_1_647' title='bbox 1231 3072 1304 3134; x_wconf 71' lang='lat' dir='ltr'>aaa</span> <span class='ocrx_word' id='word_1_648' title='bbox 1322 3088 1461 3141; x_wconf 88' lang='lat' dir='ltr'>purpurae</span> <span class='ocrx_word' id='word_1_649' title='bbox 1474 3071 1647 3126; x_wconf 82' lang='lat' dir='ltr'>clarissimae</span> 
     </span>
     <span class='ocr_line' id='line_1_101' title="bbox 924 3142 1646 3209; baseline 0.001 -15"><span class='ocrx_word' id='word_1_650' title='bbox 924 3161 980 3196; x_wconf 89' lang='lat' dir='ltr'>non</span> <span class='ocrx_word' id='word_1_651' title='bbox 999 3143 1035 3196; x_wconf 88' lang='lat' dir='ltr'>ad</span> <span class='ocrx_word' id='word_1_652' title='bbox 1055 3162 1135 3195; x_wconf 87' lang='lat' dir='ltr'>usum</span> <span class='ocrx_word' id='word_1_653' title='bbox 1156 3162 1236 3195; x_wconf 86' lang='lat' dir='ltr'>suum</span> <span class='ocrx_word' id='word_1_654' title='bbox 1259 3143 1308 3196; x_wconf 85' lang='lat' dir='ltr'>sed</span> <span class='ocrx_word' id='word_1_655' title='bbox 1332 3142 1369 3196; x_wconf 86' lang='lat' dir='ltr'>ad</span> <span class='ocrx_word' id='word_1_656' title='bbox 1388 3147 1581 3197; x_wconf 84' lang='lat' dir='ltr'>matronarum</span> <span class='ocrx_word' id='word_1_657' title='bbox 1602 3174 1646 3209; x_wconf 89' lang='lat'>-,</span> 
     </span>
     <span class='ocr_line' id='line_1_102' title="bbox 923 3213 1582 3282; baseline 0.002 -16"><span class='ocrx_word' id='word_1_658' title='bbox 923 3217 1001 3268; x_wconf 88' lang='lat' dir='ltr'>certe</span> <span class='ocrx_word' id='word_1_659' title='bbox 1020 3215 1057 3267; x_wconf 88' lang='lat' dir='ltr'>ad</span> <span class='ocrx_word' id='word_1_660' title='bbox 1076 3214 1255 3267; x_wconf 83' lang='lat' dir='ltr'>vendendrun</span> <span class='ocrx_word' id='word_1_661' title='bbox 1273 3214 1455 3282; x_wconf 82' lang='lat' dir='ltr'>gravissimus</span> <span class='ocrx_word' id='word_1_662' title='bbox 1474 3229 1497 3268; x_wconf 89' lang='lat' dir='ltr'>e.</span> <span class='ocrx_word' id='word_1_663' title='bbox 1518 3213 1582 3267; x_wconf 84' lang='lat' dir='ltr'>fuit.</span> 
     </span>
    </p>
   </div>
   <div class='ocr_carea' id='block_1_10' title="bbox 923 3300 1660 4424">
    <p class='ocr_par' dir='ltr' id='par_1_19' title="bbox 923 3300 1660 3783">
     <span class='ocr_line' id='line_1_103' title="bbox 960 3300 1648 3363; baseline -0.003 -5"><span class='ocrx_word' id='word_1_664' title='bbox 960 3300 1232 3358; x_wconf 80' lang='lat' dir='ltr'>exaedificare.</span> <span class='ocrx_word' id='word_1_665' title='bbox 1288 3302 1312 3355; x_wconf 86' lang='lat' dir='ltr'><strong>H</strong></span> <span class='ocrx_word' id='word_1_666' title='bbox 1343 3301 1387 3363; x_wconf 84' lang='lat'>26.</span> <span class='ocrx_word' id='word_1_667' title='bbox 1418 3303 1435 3354; x_wconf 83' lang='lat'>5</span> <span class='ocrx_word' id='word_1_668' title='bbox 1466 3301 1648 3357; x_wconf 77' lang='lat' dir='ltr'>Tiburtinam</span> 
     </span>
     <span class='ocr_line' id='line_1_104' title="bbox 924 3372 1646 3444; baseline 0.001 -18"><span class='ocrx_word' id='word_1_669' title='bbox 924 3374 1019 3427; x_wconf 85' lang='lat' dir='ltr'>villam</span> <span class='ocrx_word' id='word_1_670' title='bbox 1049 3373 1119 3426; x_wconf 90' lang='lat' dir='ltr'>mire</span> <span class='ocrx_word' id='word_1_671' title='bbox 1149 3376 1229 3426; x_wconf 81' lang='lat' dir='ltr'>-avit</span> <span class='ocrx_word' id='word_1_672' title='bbox 1279 3372 1340 3427; x_wconf 82' lang='lat' dir='ltr'>Gar.</span> <span class='ocrx_word' id='word_1_673' title='bbox 1369 3373 1394 3435; x_wconf 86' lang='lat'>6.</span> <span class='ocrx_word' id='word_1_674' title='bbox 1422 3374 1439 3427; x_wconf 83' lang='lat'><strong>3</strong></span> <span class='ocrx_word' id='word_1_675' title='bbox 1469 3378 1503 3427; x_wconf 95' lang='lat' dir='ltr'>ut</span> <span class='ocrx_word' id='word_1_676' title='bbox 1531 3374 1646 3444; x_wconf 88' lang='lat' dir='ltr'>publico</span> 
     </span>
     <span class='ocr_line' id='line_1_105' title="bbox 924 3445 1647 3516; baseline 0.003 -20"><span class='ocrx_word' id='word_1_677' title='bbox 924 3448 1038 3514; x_wconf 85' lang='lat' dir='ltr'>sumptu</span> <span class='ocrx_word' id='word_1_678' title='bbox 1058 3445 1121 3516; x_wconf 84' lang='lat' dir='ltr'>[rell</span> <span class='ocrx_word' id='word_1_679' title='bbox 1145 3445 1236 3499; x_wconf 90' lang='lat' dir='ltr'>eidem</span> <span class='ocrx_word' id='word_1_680' title='bbox 1255 3449 1347 3499; x_wconf 71' lang='lat' dir='ltr'>cetur</span> <span class='ocrx_word' id='word_1_681' title='bbox 1366 3445 1472 3499; x_wconf 89' lang='lat' dir='ltr'>domus.</span> <span class='ocrx_word' id='word_1_682' title='bbox 1509 3445 1556 3499; x_wconf 88' lang='lat' dir='ltr'>Pr.</span> <span class='ocrx_word' id='word_1_683' title='bbox 1576 3445 1647 3508; x_wconf 88' lang='grc'>21,3</span> 
     </span>
     <span class='ocr_line' id='line_1_106' title="bbox 924 3516 1660 3598; baseline 0.001 -29"><span class='ocrx_word' id='word_1_684' title='bbox 924 3517 1134 3598; x_wconf 77' lang='lat' dir='ltr'>conlugientem</span> <span class='ocrx_word' id='word_1_685' title='bbox 1148 3533 1211 3569; x_wconf 91' lang='lat' dir='ltr'>eum</span> <span class='ocrx_word' id='word_1_686' title='bbox 1230 3516 1258 3568; x_wconf 93' lang='lat' dir='ltr'>in</span> <span class='ocrx_word' id='word_1_687' title='bbox 1272 3520 1378 3598; x_wconf 73' lang='lat' dir='ltr'>turrem</span> <span class='ocrx_word' id='word_1_688' title='bbox 1396 3517 1541 3581; x_wconf 79' lang='lat' dir='ltr'>ferratam,</span> <span class='ocrx_word' id='word_1_689' title='bbox 1561 3533 1660 3584; x_wconf 89' lang='lat' dir='ltr'>quam-</span> 
     </span>
     <span class='ocr_line' id='line_1_107' title="bbox 924 3585 1647 3782; baseline 0.003 -72"><span class='ocrx_word' id='word_1_690' title='bbox 924 3604 1073 3782; x_wconf 57' lang='grc' dir='ltr'>41ῗῖιῦἒέ</span> <span class='ocrx_word' id='word_1_691' title='bbox 1071 3585 1647 3727; x_wconf 57' lang='lat' dir='ltr'>llare2s¹tlz⁸¹at¹stez³hi</span> 
     </span>
     <span class='ocr_line' id='line_1_108' title="bbox 923 3746 1091 3783; baseline -0.006 -1"><span class='ocrx_word' id='word_1_692' title='bbox 923 3749 974 3782; x_wconf 88' lang='lat' dir='ltr'>sun</span> <span class='ocrx_word' id='word_1_693' title='bbox 1007 3746 1036 3782; x_wconf 88' lang='lat' dir='ltr'>-a</span> <span class='ocrx_word' id='word_1_694' title='bbox 1068 3747 1091 3783; x_wconf 91' lang='lat' dir='ltr'>c.</span> 
     </span>
    </p>

    <p class='ocr_par' dir='ltr' id='par_1_20' title="bbox 924 3798 1647 3942">
     <span class='ocr_line' id='line_1_109' title="bbox 959 3798 1647 3869; baseline -0.003 -12"><span class='ocrx_word' id='word_1_695' title='bbox 959 3798 1246 3857; x_wconf 79' lang='lat' dir='ltr'>exaedificatio.</span> <span class='ocrx_word' id='word_1_696' title='bbox 1293 3800 1345 3853; x_wconf 85' lang='grc' dir='ltr'>ΜΒ</span> <span class='ocrx_word' id='word_1_697' title='bbox 1376 3803 1399 3863; x_wconf 85' lang='grc'>1,</span> <span class='ocrx_word' id='word_1_698' title='bbox 1427 3801 1445 3853; x_wconf 86' lang='grc'>4</span> <span class='ocrx_word' id='word_1_699' title='bbox 1473 3799 1542 3869; x_wconf 87' lang='lat' dir='ltr'>quid</span> <span class='ocrx_word' id='word_1_700' title='bbox 1570 3800 1647 3855; x_wconf 83' lang='lat' dir='ltr'>enim</span> 
     </span>
     <span class='ocr_line' id='line_1_110' title="bbox 924 3871 1555 3942; baseline 0.002 -17"><span class='ocrx_word' id='word_1_701' title='bbox 924 3889 994 3942; x_wconf 85' lang='lat' dir='ltr'>opus</span> <span class='ocrx_word' id='word_1_702' title='bbox 1013 3904 1048 3911; x_wconf 89' lang='lat'>·-</span> <span class='ocrx_word' id='word_1_703' title='bbox 1068 3872 1101 3925; x_wconf 89' lang='lat' dir='ltr'>de</span> <span class='ocrx_word' id='word_1_704' title='bbox 1121 3889 1149 3926; x_wconf 88' lang='lat' dir='ltr'>·e</span> <span class='ocrx_word' id='word_1_705' title='bbox 1169 3871 1371 3941; x_wconf 88' lang='lat' dir='ltr'>amphitheatri</span> <span class='ocrx_word' id='word_1_706' title='bbox 1390 3888 1483 3942; x_wconf 83' lang='lat' dir='ltr'>agere.</span> <span class='ocrx_word' id='word_1_707' title='bbox 1503 3878 1555 3926; x_wconf 74' lang='lat'>-2</span> 
     </span>
    </p>

    <p class='ocr_par' dir='ltr' id='par_1_21' title="bbox 959 3942 1393 4012">
     <span class='ocr_line' id='line_1_111' title="bbox 959 3942 1393 4012; baseline -0.009 -13"><span class='ocrx_word' id='word_1_708' title='bbox 959 3958 1127 3999; x_wconf 75' lang='lat' dir='ltr'>examen</span> <span class='ocrx_word' id='word_1_709' title='bbox 1144 3943 1239 4012; x_wconf 86' lang='lat' dir='ltr'>apium</span> <span class='ocrx_word' id='word_1_710' title='bbox 1257 3943 1304 3996; x_wconf 78' lang='grc' dir='ltr'>ΑΡ</span> <span class='ocrx_word' id='word_1_711' title='bbox 1324 3944 1349 4004; x_wconf 80' lang='grc'>3,</span> <span class='ocrx_word' id='word_1_712' title='bbox 1368 3942 1393 3995; x_wconf 82' lang='lat'>5.</span> 
     </span>
    </p>

    <p class='ocr_par' dir='ltr' id='par_1_22' title="bbox 924 4013 1647 4424">
     <span class='ocr_line' id='line_1_112' title="bbox 960 4013 1645 4078; baseline -0.001 -9"><span class='ocrx_word' id='word_1_713' title='bbox 960 4013 1201 4070; x_wconf 82' lang='lat' dir='ltr'>exanimare.</span> <span class='ocrx_word' id='word_1_714' title='bbox 1238 4014 1292 4067; x_wconf 78' lang='lat' dir='ltr'>MA</span> <span class='ocrx_word' id='word_1_715' title='bbox 1315 4013 1394 4078; x_wconf 83' lang='grc'>26,4</span> <span class='ocrx_word' id='word_1_716' title='bbox 1422 4013 1585 4068; x_wconf 68' lang='lat' dir='ltr'>Faustinam</span> <span class='ocrx_word' id='word_1_717' title='bbox 1613 4046 1645 4055; x_wconf 95' lang='lat'>-</span> 
     </span>
     <span class='ocr_line' id='line_1_113' title="bbox 924 4085 1647 4151; baseline 0.001 -12"><span class='ocrx_word' id='word_1_718' title='bbox 924 4089 1012 4139; x_wconf 89' lang='lat' dir='ltr'>-atam</span> <span class='ocrx_word' id='word_1_719' title='bbox 1031 4086 1057 4138; x_wconf 86' lang='lat' dir='ltr'>ri</span> <span class='ocrx_word' id='word_1_720' title='bbox 1077 4086 1163 4139; x_wconf 85' lang='lat' dir='ltr'>subiti</span> <span class='ocrx_word' id='word_1_721' title='bbox 1182 4087 1272 4139; x_wconf 89' lang='lat' dir='ltr'>morbi</span> <span class='ocrx_word' id='word_1_722' title='bbox 1292 4085 1393 4139; x_wconf 88' lang='lat' dir='ltr'>amisit.</span> <span class='ocrx_word' id='word_1_723' title='bbox 1430 4085 1492 4139; x_wconf 92' lang='lat' dir='ltr'>Hel.</span> <span class='ocrx_word' id='word_1_724' title='bbox 1511 4086 1555 4151; x_wconf 78' lang='lat' dir='ltr'>ab,</span> <span class='ocrx_word' id='word_1_725' title='bbox 1577 4090 1589 4139; x_wconf 92' lang='lat'>1</span> <span class='ocrx_word' id='word_1_726' title='bbox 1611 4103 1647 4140; x_wconf 82' lang='lat' dir='ltr'>ex</span> 
     </span>
     <span class='ocr_line' id='line_1_114' title="bbox 924 4155 1647 4226; baseline 0.003 -18"><span class='ocrx_word' id='word_1_727' title='bbox 924 4174 979 4224; x_wconf 93' lang='lat' dir='ltr'>quo</span> <span class='ocrx_word' id='word_1_728' title='bbox 1007 4157 1134 4226; x_wconf 88' lang='lat' dir='ltr'>plerique</span> <span class='ocrx_word' id='word_1_729' title='bbox 1162 4157 1213 4209; x_wconf 86' lang='lat' dir='ltr'>-ati</span> <span class='ocrx_word' id='word_1_730' title='bbox 1242 4177 1263 4210; x_wconf 87' lang='lat' dir='ltr'>s.</span> <span class='ocrx_word' id='word_1_731' title='bbox 1302 4156 1353 4210; x_wconf 87' lang='lat' dir='ltr'>Gd.</span> <span class='ocrx_word' id='word_1_732' title='bbox 1382 4155 1463 4226; x_wconf 72' lang='lat' dir='ltr'>aab</span> <span class='ocrx_word' id='word_1_733' title='bbox 1490 4158 1578 4224; x_wconf 87' lang='lat' dir='ltr'>atque</span> <span class='ocrx_word' id='word_1_734' title='bbox 1607 4158 1647 4211; x_wconf 89' lang='lat' dir='ltr'>ita</span> 
     </span>
     <span class='ocr_line' id='line_1_115' title="bbox 924 4227 1646 4296; baseline 0.001 -16"><span class='ocrx_word' id='word_1_735' title='bbox 924 4233 999 4280; x_wconf 89' lang='lat' dir='ltr'>-atus</span> <span class='ocrx_word' id='word_1_736' title='bbox 1026 4231 1078 4282; x_wconf 86' lang='lat' dir='ltr'>est.</span> <span class='ocrx_word' id='word_1_737' title='bbox 1116 4227 1177 4281; x_wconf 79' lang='lat' dir='ltr'>Car.</span> <span class='ocrx_word' id='word_1_738' title='bbox 1196 4228 1221 4283; x_wconf 85' lang='lat'>8.</span> <span class='ocrx_word' id='word_1_739' title='bbox 1242 4229 1259 4280; x_wconf 88' lang='lat'><strong>3</strong></span> <span class='ocrx_word' id='word_1_740' title='bbox 1287 4233 1318 4280; x_wconf 91' lang='lat' dir='ltr'>ut</span> <span class='ocrx_word' id='word_1_741' title='bbox 1343 4227 1426 4280; x_wconf 91' lang='lat' dir='ltr'>multi</span> <span class='ocrx_word' id='word_1_742' title='bbox 1449 4231 1558 4281; x_wconf 89' lang='lat' dir='ltr'>terrore</span> <span class='ocrx_word' id='word_1_743' title='bbox 1586 4228 1646 4296; x_wconf 86' lang='lat' dir='ltr'>ipso</span> 
     </span>
     <span class='ocr_line' id='line_1_116' title="bbox 924 4298 1645 4367; baseline 0.001 -16"><span class='ocrx_word' id='word_1_744' title='bbox 924 4299 976 4352; x_wconf 86' lang='lat' dir='ltr'>-ati</span> <span class='ocrx_word' id='word_1_745' title='bbox 995 4315 1056 4353; x_wconf 86' lang='lat' dir='ltr'>esse</span> <span class='ocrx_word' id='word_1_746' title='bbox 1081 4299 1218 4352; x_wconf 88' lang='lat' dir='ltr'>dicantur.</span> <span class='ocrx_word' id='word_1_747' title='bbox 1249 4333 1283 4340; x_wconf 94' lang='lat'><em>-</em></span> <span class='ocrx_word' id='word_1_748' title='bbox 1312 4298 1645 4367; x_wconf 76' lang='lat' dir='ltr'>inmanicoruscations,</span> 
     </span>
     <span class='ocr_line' id='line_1_117' title="bbox 925 4370 1420 4424; baseline 0 -2"><span class='ocrx_word' id='word_1_749' title='bbox 925 4370 1077 4423; x_wconf 78' lang='lat' dir='ltr'>immaniore</span> <span class='ocrx_word' id='word_1_750' title='bbox 1096 4403 1130 4410; x_wconf 94' lang='lat'>—</span> <span class='ocrx_word' id='word_1_751' title='bbox 1149 4371 1256 4424; x_wconf 88' lang='lat' dir='ltr'>tonitru</span> <span class='ocrx_word' id='word_1_752' title='bbox 1274 4374 1349 4423; x_wconf 88' lang='lat' dir='ltr'>-atus</span> <span class='ocrx_word' id='word_1_753' title='bbox 1369 4371 1420 4422; x_wconf 87' lang='lat' dir='ltr'>est.</span> 
     </span>
    </p>
   </div>
   <div class='ocr_carea' id='block_1_11' title="bbox 924 4457 1646 5163">
    <p class='ocr_par' dir='ltr' id='par_1_23' title="bbox 924 4457 1646 4743">
     <span class='ocr_line' id='line_1_118' title="bbox 959 4457 1645 4527; baseline -0.004 -12"><span class='ocrx_word' id='word_1_754' title='bbox 959 4457 1167 4515; x_wconf 76' lang='lat' dir='ltr'>exanimis.</span> <span class='ocrx_word' id='word_1_755' title='bbox 1218 4458 1273 4512; x_wconf 82' lang='lat' dir='ltr'>cle</span> <span class='ocrx_word' id='word_1_756' title='bbox 1307 4460 1348 4526; x_wconf 88' lang='grc'>10,</span> <span class='ocrx_word' id='word_1_757' title='bbox 1377 4459 1409 4510; x_wconf 94' lang='grc'>11</span> <span class='ocrx_word' id='word_1_758' title='bbox 1441 4458 1489 4527; x_wconf 92' lang='lat' dir='ltr'>qui</span> <span class='ocrx_word' id='word_1_759' title='bbox 1519 4458 1589 4511; x_wconf 91' lang='lat' dir='ltr'>mihi</span> <span class='ocrx_word' id='word_1_760' title='bbox 1620 4475 1645 4525; x_wconf 73' lang='lat' dir='ltr'>e.</span> 
     </span>
     <span class='ocr_line' id='line_1_119' title="bbox 924 4528 1645 4600; baseline 0 -17"><span class='ocrx_word' id='word_1_761' title='bbox 924 4549 1010 4600; x_wconf 86' lang='lat' dir='ltr'>prope</span> <span class='ocrx_word' id='word_1_762' title='bbox 1030 4531 1085 4583; x_wconf 88' lang='lat' dir='ltr'>iam</span> <span class='ocrx_word' id='word_1_763' title='bbox 1098 4531 1242 4583; x_wconf 85' lang='lat' dir='ltr'>nuntiatus</span> <span class='ocrx_word' id='word_1_764' title='bbox 1256 4532 1306 4584; x_wconf 88' lang='lat' dir='ltr'>est.</span> <span class='ocrx_word' id='word_1_765' title='bbox 1345 4528 1398 4583; x_wconf 87' lang='lat' dir='ltr'>OM</span> <span class='ocrx_word' id='word_1_766' title='bbox 1412 4530 1454 4595; x_wconf 83' lang='grc'>12,</span> <span class='ocrx_word' id='word_1_767' title='bbox 1468 4528 1483 4581; x_wconf 84' lang='grc'><strong>7</strong></span> <span class='ocrx_word' id='word_1_768' title='bbox 1500 4529 1645 4583; x_wconf 89' lang='lat' dir='ltr'>tribunum</span> 
     </span>
     <span class='ocr_line' id='line_1_120' title="bbox 924 4601 1646 4671; baseline -0.001 -16"><span class='ocrx_word' id='word_1_769' title='bbox 924 4635 958 4642; x_wconf 96' lang='lat'><em>-</em></span> <span class='ocrx_word' id='word_1_770' title='bbox 977 4607 1112 4671; x_wconf 87' lang='lat' dir='ltr'>carpento</span> <span class='ocrx_word' id='word_1_771' title='bbox 1132 4601 1213 4654; x_wconf 89' lang='lat' dir='ltr'>rotali</span> <span class='ocrx_word' id='word_1_772' title='bbox 1233 4601 1471 4654; x_wconf 86' lang='lat' dir='ltr'>subteradnexum</span> <span class='ocrx_word' id='word_1_773' title='bbox 1489 4618 1541 4669; x_wconf 86' lang='lat' dir='ltr'>per</span> <span class='ocrx_word' id='word_1_774' title='bbox 1552 4603 1646 4654; x_wconf 91' lang='lat' dir='ltr'>totum</span> 
     </span>
     <span class='ocr_line' id='line_1_121' title="bbox 924 4672 1522 4743; baseline -0.005 -17"><span class='ocrx_word' id='word_1_775' title='bbox 924 4674 979 4726; x_wconf 92' lang='lat' dir='ltr'>iter</span> <span class='ocrx_word' id='word_1_776' title='bbox 997 4674 1092 4727; x_wconf 86' lang='lat' dir='ltr'>vivum</span> <span class='ocrx_word' id='word_1_777' title='bbox 1110 4676 1195 4740; x_wconf 85' lang='lat' dir='ltr'>atque</span> <span class='ocrx_word' id='word_1_778' title='bbox 1214 4689 1272 4725; x_wconf 88' lang='lat' dir='ltr'>-em</span> <span class='ocrx_word' id='word_1_779' title='bbox 1290 4672 1385 4724; x_wconf 80' lang='lat' dir='ltr'>traxit.</span> <span class='ocrx_word' id='word_1_780' title='bbox 1517 4715 1522 4743; x_wconf 21' lang='lat'>,¹</span> 
     </span>
    </p>

    <p class='ocr_par' dir='ltr' id='par_1_24' title="bbox 924 4742 1646 5163">
     <span class='ocr_line' id='line_1_122' title="bbox 960 4742 1645 4810; baseline -0.004 -10"><span class='ocrx_word' id='word_1_781' title='bbox 960 4743 1228 4800; x_wconf 74' lang='lat' dir='ltr'>exardescere.</span> <span class='ocrx_word' id='word_1_782' title='bbox 1274 4743 1322 4795; x_wconf 82' lang='grc' dir='ltr'>ΡΝ</span> <span class='ocrx_word' id='word_1_783' title='bbox 1351 4742 1376 4810; x_wconf 91' lang='grc'>6,</span> <span class='ocrx_word' id='word_1_784' title='bbox 1400 4742 1417 4795; x_wconf 85' lang='lat'>3</span> <span class='ocrx_word' id='word_1_785' title='bbox 1443 4743 1494 4796; x_wconf 84' lang='lat' dir='ltr'>-eit</span> <span class='ocrx_word' id='word_1_786' title='bbox 1521 4743 1645 4797; x_wconf 87' lang='lat' dir='ltr'>secundo</span> 
     </span>
     <span class='ocr_line' id='line_1_123' title="bbox 925 4814 1644 4878; baseline -0.004 -9"><span class='ocrx_word' id='word_1_787' title='bbox 925 4817 997 4869; x_wconf 86' lang='lat' dir='ltr'>civili</span> <span class='ocrx_word' id='word_1_788' title='bbox 1018 4816 1100 4870; x_wconf 89' lang='lat' dir='ltr'>bello.</span> <span class='ocrx_word' id='word_1_789' title='bbox 1137 4815 1198 4868; x_wconf 90' lang='lat' dir='ltr'>Hel.</span> <span class='ocrx_word' id='word_1_790' title='bbox 1214 4816 1254 4878; x_wconf 82' lang='grc'>14,</span> <span class='ocrx_word' id='word_1_791' title='bbox 1268 4814 1285 4867; x_wconf 89' lang='grc'>2</span> <span class='ocrx_word' id='word_1_792' title='bbox 1298 4814 1401 4868; x_wconf 89' lang='lat' dir='ltr'>milites</span> <span class='ocrx_word' id='word_1_793' title='bbox 1415 4831 1511 4868; x_wconf 89' lang='lat' dir='ltr'>omnes</span> <span class='ocrx_word' id='word_1_794' title='bbox 1525 4817 1644 4867; x_wconf 87' lang='lat' dir='ltr'>-serunt</span> 
     </span>
     <span class='ocr_line' id='line_1_124' title="bbox 925 4884 1644 4956; baseline -0.004 -16"><span class='ocrx_word' id='word_1_795' title='bbox 925 4887 997 4940; x_wconf 84' lang='lat' dir='ltr'>Max.</span> <span class='ocrx_word' id='word_1_796' title='bbox 1017 4888 1060 4956; x_wconf 81' lang='grc'>21,</span> <span class='ocrx_word' id='word_1_797' title='bbox 1079 4888 1096 4939; x_wconf 87' lang='grc'>4</span> <span class='ocrx_word' id='word_1_798' title='bbox 1120 4887 1237 4939; x_wconf 91' lang='lat' dir='ltr'>multum</span> <span class='ocrx_word' id='word_1_799' title='bbox 1257 4886 1306 4939; x_wconf 88' lang='lat' dir='ltr'>-sit</span> <span class='ocrx_word' id='word_1_800' title='bbox 1326 4884 1477 4946; x_wconf 64' lang='lat' dir='ltr'>exercitum</span> <span class='ocrx_word' id='word_1_801' title='bbox 1506 4885 1548 4941; x_wconf 79' lang='lat'>17.</span> <span class='ocrx_word' id='word_1_802' title='bbox 1571 4886 1584 4938; x_wconf 95' lang='lat' dir='ltr'>l</span> <span class='ocrx_word' id='word_1_803' title='bbox 1605 4885 1644 4938; x_wconf 86' lang='lat' dir='ltr'>sic</span> 
     </span>
     <span class='ocr_line' id='line_1_125' title="bbox 924 4956 1636 5025; baseline -0.003 -15"><span class='ocrx_word' id='word_1_804' title='bbox 924 4960 982 5018; x_wconf 74' lang='lat' dir='ltr'>sit.</span> <span class='ocrx_word' id='word_1_805' title='bbox 1009 4961 1042 5011; x_wconf 96' lang='lat' dir='ltr'>ut</span> <span class='ocrx_word' id='word_1_806' title='bbox 1066 4977 1119 5011; x_wconf 87' lang='lat' dir='ltr'>non</span> <span class='ocrx_word' id='word_1_807' title='bbox 1144 4958 1285 5010; x_wconf 92' lang='lat' dir='ltr'>hominem</span> <span class='ocrx_word' id='word_1_808' title='bbox 1308 4957 1357 5010; x_wconf 90' lang='lat' dir='ltr'>sed</span> <span class='ocrx_word' id='word_1_809' title='bbox 1381 4956 1494 5023; x_wconf 83' lang='lat' dir='ltr'>beluam</span> <span class='ocrx_word' id='word_1_810' title='bbox 1519 4959 1636 5025; x_wconf 79' lang='lat' dir='ltr'>putares</span> 
     </span>
     <span class='ocr_line' id='line_1_126' title="bbox 926 5026 1646 5095; baseline 0 -15"><span class='ocrx_word' id='word_1_811' title='bbox 926 5031 946 5080; x_wconf 86' lang='grc' dir='ltr'>Α</span> <span class='ocrx_word' id='word_1_812' title='bbox 967 5030 1040 5091; x_wconf 84' lang='grc'><strong>36,6</strong></span> <span class='ocrx_word' id='word_1_813' title='bbox 1059 5047 1123 5083; x_wconf 89' lang='lat' dir='ltr'>cum</span> <span class='ocrx_word' id='word_1_814' title='bbox 1141 5030 1255 5081; x_wconf 84' lang='lat' dir='ltr'>-sissent</span> <span class='ocrx_word' id='word_1_815' title='bbox 1273 5028 1383 5095; x_wconf 77' lang='lat' dir='ltr'>timore.</span> <span class='ocrx_word' id='word_1_816' title='bbox 1402 5027 1451 5095; x_wconf 92' lang='lat' dir='ltr'>qui</span> <span class='ocrx_word' id='word_1_817' title='bbox 1463 5026 1646 5081; x_wconf 87' lang='lat' dir='ltr'>merebantur</span> 
     </span>
     <span class='ocr_line' id='line_1_127' title="bbox 924 5100 1370 5163; baseline 0.002 -12"><span class='ocrx_word' id='word_1_818' title='bbox 924 5100 1067 5163; x_wconf 72' lang='lat' dir='ltr'>iiffeusam,</span> <span class='ocrx_word' id='word_1_819' title='bbox 1087 5101 1181 5153; x_wconf 88' lang='lat' dir='ltr'>dolore</span> <span class='ocrx_word' id='word_1_820' title='bbox 1200 5100 1370 5152; x_wconf 85' lang='lat' dir='ltr'>innocentes.</span> 
     </span>
    </p>
   </div>
   <div class='ocr_carea' id='block_1_12' title="bbox 0 0 1808 5834">
    <p class='ocr_par' dir='ltr' id='par_1_25' title="bbox 0 0 1808 5834">
     <span class='ocr_line' id='line_1_128' title="bbox 0 0 1808 5834; baseline 0 0"><span class='ocrx_word' id='word_1_821' title='bbox 0 0 1808 5834; x_wconf 95' lang='lat' dir='ltr'> </span> 
     </span>
    </p>
   </div>
  </div>
 </body>
</html>
