3600 5834
678 510 866 560 reposcere
884 526 919 535 —

149 654 212 708 loco
231 670 281 708 suo
301 656 386 713 eret:
406 655 480 719 let
498 655 572 708 bena
590 656 751 723 punitorum
770 656 871 717 (dabat

148 726 178 778 in
197 725 361 787 beneflciis),
384 727 434 780 ned
457 744 551 794 numq.
570 742 633 779 cum
653 743 728 789 euro,
751 731 870 795 argento

149 797 194 851 vel
206 797 334 867 gemmis,
347 812 412 849 narn
423 796 544 851 idemne
554 797 587 851 in
602 798 772 851 aerarium
783 799 869 851 -ebat,

184 880 403 937 reposcere.
446 868 506 922 Hel.
535 870 577 930 lu,
605 874 622 921 1
650 870 758 937 ingenti
786 886 870 938 prece

149 939 308 993 Hieroclem
326 939 407 992 -ebat
426 940 666 1009 inpudicissimum
686 941 833 995 hominem.

183 1007 462 1078 repostoriam.
499 1012 552 1064 MA
567 1012 638 1073 lte
657 1029 783 1081 gemeres
803 1011 870 1080 quin

149 1082 236 1135 etiam
257 1081 416 1148 (vendidit),
436 1099 505 1150 quas
524 1084 628 1135 multas
646 1083 673 1135 in
690 1101 718 1135 -o
730 1084 870 1137 sanctiore

148 1152 196 1204 Hi
215 1164 386 1222 reppererat.

185 1226 499 1292 repraesentare.
536 1224 607 1278 Gall.
626 1224 651 1293 6,
669 1224 686 1277 9
705 1225 758 1277 nisi
777 1225 798 1277 si
819 1224 870 1277 ali-

148 1296 213 1362 quis
234 1328 265 1339 -
286 1296 385 1357 erasit,
407 1296 454 1363 qui
474 1295 672 1364 antiquitatem
692 1297 803 1364 generis
822 1313 870 1349 no·

148 1365 346 1434 bilitatemque
374 1370 438 1420 tet.
484 1367 536 1419 ed.
562 1370 584 1425 1,
606 1368 624 1418 b
652 1370 725 1421 hunc
753 1384 869 1436 puerum

147 1439 265 1491 dutum
287 1438 367 1491 vobis
388 1437 550 1491 auctoribus
570 1455 700 1508 nuncupo
723 1439 769 1491 diu
791 1438 870 1492 vobis

147 1509 264 1561 Autem
282 1514 415 1562 aterum.
448 1508 499 1563 Gd.
519 1510 593 1571 21,5
613 1510 714 1563 (idum
734 1510 871 1563 seniorem

148 1580 271 1648 Augusti
300 1581 408 1633 vultum
436 1581 476 1634 sic
503 1598 586 1641 -esse,
616 1586 645 1632 ut
671 1585 701 1635 et
722 1598 819 1634 rocem
842 1584 872 1633 et

149 1654 269 1705 ‘morem
299 1656 329 1705 et
351 1654 488 1705 staterem
512 1653 637 1705 eiusdem
659 1654 807 1706 ostendere
833 1654 871 1705 vi·

149 1723 275 1775 deretur.

185 1791 487 1861 reprehendere.
523 1804 551 1857 ur
565 1795 687 1861 «lipom.
725 1793 778 1847 OM
799 1796 868 1863 11,r

148 1880 215 1917 cum
243 1866 305 1933 ipsu
332 1864 468 1918 severitas
496 1865 569 1917 illins
593 1867 768 1920 occasionem
794 1866 871 1919 -endi

149 1942 181 1989 et
204 1936 346 1989 lacerandi
370 1936 429 1989 elue
455 1936 587 2004 aperiret.
625 1936 698 1990 Max.
722 1938 783 1995 6.4
808 1955 871 1992 cum

148 2023 215 2060 eum
239 2006 352 2075 quidam
375 2006 481 2060 tribuni
504 2012 596 2060 -erent
620 2009 680 2073 (tec
701 2008 806 2062 cidare
828 2025 871 2062 eo·

148 2078 234 2132 lutare
249 2079 367 2146 scriptor
384 2079 440 2132 cod.
466 2079 493 2131 P
504 2084 522 2131 t.
536 2080 582 2136 D..
607 2096 662 2133 nes
680 2080 769 2132 -dnnt
790 2080 872 2133 -dent

148 2150 189 2214 B)
209 2148 348 2204 dicentes:
368 2148 477 2211 ’13111
497 2166 558 2203 curu
578 2167 595 2203 a
614 2151 780 2219 quibusdam
799 2168 871 2204 -ere-

148 2227 196 2273 tur
214 2222 329 2284 (subtr),
349 2222 422 2289 quod
442 2221 587 2275 mulierem
600 2253 633 2261 —
647 2222 689 2275 vir
703 2222 871 2275 fortissimus

148 2292 365 2361 triumphasset3
390 2293 468 2350 30,ὀ
491 2310 527 2346 ne
551 2292 597 2357 illi,
626 2294 673 2361 qui
701 2311 745 2346 me
778 2295 870 2357 -dunt,

148 2363 220 2416 satis
238 2364 394 2425 laudarent,
413 2364 435 2416 si
454 2364 567 2427 scirent,
588 2396 629 2417 -.
669 2363 688 2415 P
708 2365 750 2419 10.
769 2365 787 2417 ll
805 2366 872 2433 quia

148 2450 224 2487 eum
252 2436 346 2487 velut
374 2435 517 2488 stultum
544 2435 780 2489 intimatorem
803 2454 871 2489 non·

148 2506 289 2558 nullarum
308 2523 400 2559 rernm
419 2506 506 2559 -ebat
543 2506 600 2571 84,
614 2506 631 2557 e
645 2512 781 2576 preterque
794 2508 870 2561 illum

147 2594 213 2629 -ene
237 2577 365 2629 dixisset:
388 2578 447 2630 Ael.
469 2578 495 2645 b,
514 2577 531 2629 2
550 2578 578 2630 in
603 2578 661 2631 vita
683 2579 795 2647 privata
818 2580 871 2632 rtsi

148 2648 242 2701 minus
256 2647 417 2717 probabilis,
436 2649 545 2701 minus
565 2654 676 2702 tamen
695 2650 818 2703 -endus
838 2668 871 2703 ac

148 2736 257 2773 memor
280 2718 404 2772 familiae
427 2736 502 2773 suae.
530 2751 561 2759 —
584 2720 630 2773 AC
649 2722 675 2782 8,
694 2720 711 2773 2
731 2738 793 2775 cum
813 2722 872 2789 qui·

149 2790 217 2843 dam
236 2790 344 2844 diceret
361 2791 477 2843 endum
492 2792 613 2855 dutum,
626 2793 698 2859 quod
718 2796 775 2846 tarn
796 2792 872 2845 mitis

149 2866 227 2915 esset
245 2862 272 2913 in
297 2862 406 2915 hostem
431 2878 510 2914 suum
534 2894 577 2921 -,
600 2864 723 2916 addente
746 2865 801 2930 illo,
824 2864 872 2932 qui

149 2934 240 2991 ebat,
260 2931 340 2996 ‘Quin
360 2933 383 2985 si
402 2932 448 2986 ille
468 2933 607 2987 vicisset?¹
629 2934 732 2987 dixisse
757 2935 871 2989 dicitur:

149 3002 215 3071 Vl,
235 3004 266 3056 11
288 3022 323 3056 ne
342 3010 416 3058 -eret
433 3004 561 3058 fratrem.
601 3005 623 3057 ll
644 3006 722 3073 111,8
744 3007 871 3075 quamvis

151 3080 228 3129 esset
258 3076 284 3127 in
316 3075 410 3129 -endis
442 3076 562 3139 musicis,
593 3077 718 3146 tragicis,
749 3079 871 3145 comicis,

149 3146 352 3215 grammaticis.
383 3147 550 3211 rhetoribus,
581 3148 736 3202 oratoribus
773 3149 872 3210 facilis,

149 3222 247 3271 temen
267 3248 309 3270 —.
342 3218 394 3271 Mn
413 3219 486 3283 eea
505 3219 546 3271 ita
564 3224 597 3271 ut
614 3222 772 3287 praetorem
791 3224 872 3277 -rret

150 3290 198 3356 qui
227 3289 283 3343 cito
311 3306 421 3342 reorum
449 3306 546 3344 causas
574 3292 709 3345 audierat
751 3293 778 3355 t)
801 3292 872 3359 alqui.

149 3358 359 3426 Mihi-snm
377 3361 410 3413 in
430 3378 467 3414 eo
486 3362 636 3430 praecipue
648 3372 695 3423 (sc.
709 3368 766 3425 cst),
785 3364 871 3431 quod

150 3449 209 3492 eos,
228 3448 297 3498 quos
317 3463 359 3497 -,
378 3432 520 3499 regendae
538 3434 578 3485 rei
603 3452 629 3501 p.
654 3434 705 3486 sibi
729 3437 871 3502 praesules

151 3502 212 3571 ipse
230 3502 376 3556 fecisset.
413 3505 446 3568 cs.
469 3503 511 3557 ΑΒ
524 3503 598 3571 64,3
617 3521 662 3557 ·sa
680 3511 746 3559 sunt
765 3507 791 3557 in
813 3507 871 3558 Alo

150 3574 234 3628 hacc:
254 3575 327 3641 qnod
343 3574 428 3643 Syrus
442 3591 502 3629 esse
521 3575 660 3643 nolebat,
680 3577 753 3644 quod
773 3594 871 3630 aurum

1591 493 1645 547 ω,

937 496 1111 560 requirere

923 655 1009 707 titiam
1027 654 1054 705 in
1074 651 1210 720 Sequanis
1228 653 1357 705 turbatas
1377 669 1494 705 crneura
1507 654 1537 706 et
1549 656 1644 705 aucte-

922 725 1006 779 ritate
1030 724 1101 777 -ssit
1138 722 1224 791 Η23,
1244 724 1260 775 ‘l
1286 740 1397 777 omnem
1416 753 1452 763 -
1471 724 1527 776 rim
1546 725 1643 777 erude-

922 796 1011 849 litatis
1029 796 1057 848 in
1080 796 1172 848 euitae
1192 812 1280 863 usque
1299 812 1332 849 eo
1351 794 1424 857 -ssit‚
1444 795 1533 848 donec
1552 826 1595 848 -.

958 813 1181 936 repugiore.
1217 879 1246 927 a)
1265 866 1309 919 Pr.
1337 866 1413 929 11,ὁ
1441 866 1507 919 -atie
1532 867 1644 929 donis,

923 956 995 1007 quae
1013 956 1062 992 rex
1081 938 1204 991 miserat.
1244 936 1324 999 1118,
1338 938 1355 988 ὃ
1369 938 1527 1005 ignotorum
1546 938 1644 991 herc-

924 1011 1054 1065 ditates
1078 1009 1151 1061 -arit
1174 1025 1225 1061 nec
1243 1012 1375 1061 notorum
1393 1008 1511 1077 accepit,
1531 1009 1554 1061 si
1573 1008 1644 1062 filiun

924 1082 1068 1135 haberent.
1107 1080 1152 1133 ΑΡ
1174 1079 1236 1141 the
1259 1079 1439 1133 Hereditates
1467 1097 1572 1145 eorum,
1596 1080 1644 1148 qui

925 1153 997 1206 lilios
1015 1151 1144 1205 habeban
1152 1155 1172 1215 t,
1192 1150 1272 1204 avit.
1302 1151 1357 1204 MA
1368 1149 1395 1219 9,
1414 1152 1431 1203 '2
1450 1152 1499 1205 sed
1523 1152 1640 1220 <hoc>

924 1242 1033 1292 quoque
1066 1224 1101 1277 Μ.
1134 1223 1257 1275 delatum
1295 1240 1415 1277 nomeu
1451 1223 1531 1281 ·avit,
1569 1224 1642 1291 qued

924 1302 1022 1364 postea
1039 1295 1148 1363 recepit
1194 1294 1236 1347 118
1252 1296 1293 1354 11,
1307 1296 1323 1347 2
1336 1294 1404 1347 edel.
1418 1294 1442 1346 ei
1454 1294 1528 1347 Anti
1542 1312 1644 1347 nomeu

923 1368 998 1423 esti.
1023 1366 1118 1435 Magni
1147 1382 1318 1434 praenomen
1346 1367 1463 1433 suscipe.
1492 1397 1525 1404 —
1554 1367 1580 1427 bt
1605 1366 1644 1421 Cl.

924 1440 949 1495 ὀ.
962 1439 978 1489 2
993 1442 1140 1505 nogentem
1151 1438 1332 1491 Aureolum
1345 1442 1375 1490 et
1387 1437 1486 1489 foedus
1499 1442 1644 1505 petentem

924 1511 989 1633 irrrlp.
1014 1508 1168 1632 {meliri
1184 1508 1351 1632 {grigsdnon
1374 1508 1645 1639 fflfflil’tiffll'ffl'ffl

923 1590 973 1634 tar
992 1598 1124 1633 eumz.
1218 1620 1224 1642 ,
1294 1595 1384 1647 eque
1429 1590 1561 1643 'emerat
1581 1597 1644 1633 cum

924 1652 1063 1705 diceretur
1076 1654 1160 1704 Anto
1172 1650 1275 1705 Marco.
1289 1656 1319 1703 ut
1339 1667 1410 1703 iram
1429 1660 1528 1709 -arct,
1546 1650 1569 1703 si
1588 1669 1645 1704 non

923 1724 1072 1779 occideret,
1093 1721 1315 1774 illineretur:
1343 1720 1386 1774 DJ
1405 1722 1460 1783 ind
1479 1723 1525 1789 qui
1544 1722 1645 1774 suade-

924 1799 994 1863 rent,
1019 1797 1052 1846 ut
1075 1796 1101 1846 8.
1126 1798 1242 1851 aretur.
1267 1800 1296 1845 et
1320 1793 1342 1845 is
1367 1798 1442 1845 resset
1466 1793 1541 1861 imp.
1561 1811 1643 1861 qoem

924 1883 981 1919 sen.
1002 1866 1134 1934 elegerat.

959 1950 1192 2005 repmare.
1229 1946 1259 1994 ar
1288 1935 1355 1997 So,
1381 1937 1391 1985 l
1422 1952 1439 1987 a
1467 1936 1643 1988 Germanicis

925 2009 1080 2077 legionibus
1104 2038 1136 2047 —
1162 2005 1257 2059 multis
1280 2006 1457 2059 hortantibus
1489 2023 1550 2059 -ans
1578 2007 1644 2075 imp.

924 2089 967 2133 est
980 2079 1145 2148 appellatus.
1179 2077 1223 2130 Ar
1237 2078 1262 2143 l),
1279 2080 1289 2129 1
1304 2077 1431 2130 -antibus
1450 2077 1558 2131 cunctis
1570 2079 1645 2131 inter

924 2151 1002 2204 diros
1022 2169 1085 2203 eum
1105 2148 1222 2203 rettulit.
1260 2148 1314 2201 OM
1332 2149 1357 2216 8,
1371 2146 1490 2217 aprino
1504 2149 1646 2203 lllacrinus

924 2223 1006 2277 erit:
1028 2225 1127 2291 postea
1145 2237 1211 2274 vero
1234 2219 1351 2288 —petit
1374 2236 1481 2288 paceni.
1513 2219 1645 2279 118514

924 2293 1074 2361 Ulpianum
1100 2310 1150 2361 pro
1174 2296 1267 2344 tutore
1291 2291 1390 2343 hebuit
1417 2290 1538 2359 primum
1566 2297 1645 2345 -ante

925 2368 1023 2421 matre,
1043 2364 1145 2417 deinde
1165 2363 1272 2431 gratias
1291 2368 1405 2431 agente;
1424 2362 1450 2419 2.
1463 2363 1481 2414 4
1494 2362 1553 2416 Hel.
1574 2365 1646 2417 occi·

925 2437 991 2488 dere
1011 2441 1126 2489 conatus
1145 2438 1189 2486 cst
1208 2450 1259 2486 nee
1278 2434 1372 2502 potuit
1390 2438 1418 2486 et
1437 2433 1572 2488 militibus
1584 2452 1643 2488 -an-

924 2508 999 2560 tibus
1028 2510 1058 2559 et
1085 2512 1183 2559 senatu
1215 2505 1386 2572 refragante.
1434 2503 1478 2558 Cc.
1510 2506 1586 2567 11,3
1618 2506 1644 2559 S.

925 2579 1027 2631 dicitur
1041 2577 1132 2631 animo
1146 2577 1292 2641 volutasse,
1307 2582 1338 2629 ut
1355 2581 1384 2630 et
1403 2577 1476 2629 hunc
1495 2577 1645 2631 occideret.

925 2650 976 2702 nisi
1001 2652 1272 2717 <rr>pugnassent
1294 2648 1431 2717 preelecti
1455 2648 1521 2701 cius.
1554 2650 1580 2713 b)
1600 2649 1645 2713 Pr,

924 2722 967 2779 22,
991 2724 999 2772 l
1024 2724 1097 2774 huuc
1126 2720 1214 2773 virum
1238 2723 1287 2773 aut
1310 2738 1407 2788 parem
1430 2719 1517 2772 fuisse
1540 2724 1598 2781 ant,
1618 2720 1645 2772 ei

925 2810 988 2845 non
1009 2798 1082 2844 -net
1101 2791 1237 2845 invidia
1259 2790 1372 2845 famose.
1396 2791 1549 2844 meliorem.
1587 2791 1646 2845 Vel.

925 2864 982 2923 6,9
1010 2864 1053 2915 cui
1076 2862 1218 2927 (honori)
1247 2866 1401 2931 tempora
1429 2862 1468 2914 sic
1496 2866 1585 2928 -naut,
1614 2866 1647 2915 ut

924 2952 1071 2988 censuram
1090 2935 1232 2987 hominum
1251 2937 1352 2986 natura
1371 2950 1425 2986 nen
1445 2938 1569 3001 (quaeret.

961 3006 1159 3073 reprime.
1196 3005 1298 3061 Sthe
1312 3004 1348 3056 llt
1365 3005 1437 3057 anti
1458 3005 1526 3057 mihi
1544 3036 1579 3043 -
1598 3021 1646 3057 ne-

925 3078 1028 3130 minem
1052 3109 1087 3116 —
1115 3094 1280 3143 magnorum
1311 3075 1432 3129 virorum
1456 3076 1593 3144 optimum
1617 3082 1647 3128 et

924 3150 1022 3202 utilem
1042 3149 1128 3200 lilium
1147 3147 1292 3215 reliquisse
1311 3147 1379 3200 satis
1398 3149 1494 3200 claret.

960 3218 1175 3287 requirere.
1217 3222 1239 3281 1)
1264 3218 1387 3273 ‘cadere
1424 3218 1541 3281 rettuli.
1566 3217 1646 3281 20,3

925 3310 987 3345 cum
1011 3298 1085 3345 esset
1105 3290 1218 3343 difficile
1242 3291 1271 3342 in
1289 3291 1352 3343 aula
1377 3289 1502 3353 Palatina
1526 3308 1547 3341 r.
1571 3289 1646 3357 quod

924 3363 1053 3431 perisset.
1101 3362 1125 3414 H
1152 3362 1195 3427 21.
1219 3362 1231 3414 1
1260 3360 1302 3413 De
1330 3360 1467 3414 iudicibus
1495 3360 1646 3430 (indicibus

926 3434 999 3499 Ues.)
1019 3434 1147 3487 omnibus
1166 3449 1276 3500 semper
1295 3434 1397 3485 cuncta
1410 3432 1562 3485 scrutando
1575 3436 1646 3485 tam·

925 3504 971 3557 diu
991 3505 1077 3564 -sivit,
1096 3504 1229 3572 quamdiu
1243 3520 1336 3557 verum
1351 3503 1499 3556 inveniret.
1532 3506 1554 3556 Α
1575 3504 1643 3562 11,1

898 3591 901 3597 ’
924 3577 952 3629 e'i
982 3580 1057 3630 esset
1084 3576 1163 3633 alins.
1191 3606 1225 3614 —
1253 3574 1299 3642 qui
1327 3574 1399 3643 l'lpii
1429 3574 1527 3627 Criniti
1556 3575 1646 3629 ricem

150 3645 272 3709 amabat,
292 3676 334 3698 —.
373 3645 426 3698 MA
445 3646 518 3703 2115
537 3648 690 3700 emendans
709 3666 780 3716 quae
800 3649 871 3702 bene
925 3654 1021 3716 posset
1038 3648 1162 3713 implere.
1180 3651 1274 3699 tecum
1292 3646 1327 3699 dr,
1345 3647 1404 3699 eius
1418 3646 1521 3698 virtute
1538 3674 1567 3685 -—
1584 3662 1646 3699 eon·

149 3716 385 3769 conderentur.
422 3716 539 3779 06,11
567 3717 684 3786 Byrrum
709 3750 742 3758 -
765 3728 871 3773 -rntem
924 3720 1036 3772 ferrem.
1057 3734 1130 3771 nnnc
1148 3719 1203 3773 ‘ta
1223 3734 1286 3770 curn
1304 3736 1324 3769 r.
1342 3719 1460 3786 <nen>
1485 3717 1645 3786 potuissem.

151 3787 386 3855 nuntiantemque
407 3790 454 3842 Cn
473 3806 545 3857 quae
568 3790 682 3843 fiebant.
703 3823 736 3829 -
756 3790 778 3854 Q
800 3791 872 3849 lae
924 3792 1032 3857 suscipe
1053 3790 1153 3842 bellum
1174 3790 1224 3849 {sic
1243 3790 1347 3842 Petrclr.
1368 3790 1418 3842 alii
1435 3789 1538 3853 (ditare
1562 3788 1605 3847 29,
1628 3790 1646 3841 il

150 3858 243 3911 omnis
261 3862 358 3912 aetas
381 3860 409 3912 in
433 3860 550 3930 imperio
569 3861 646 3913 -itun
683 3862 717 3925 cs.
739 3862 789 3914 ,lid
810 3863 835 3919 3,
856 3863 870 3914 7
925 3864 1022 3929 postea
1041 3860 1253 3928 diligentissime
1273 3866 1302 3913 et
1321 3864 1353 3913 A.
1374 3866 1403 3913 et
1424 3860 1465 3913 Pr.
1480 3865 1510 3912 et
1521 3860 1646 3929 proxime

150 3935 183 3983 ut
209 3960 246 3969 -
272 3930 300 3983 in
324 3930 377 3984 hoc
402 3931 460 3985 sele
479 3932 599 4000 pueritie
618 3932 677 3984 eius
695 3940 809 3987 eretur.
850 3935 871 3986 Α
923 3932 1009 3986 Diocl.
1034 3965 1068 3971 -
1091 3932 1229 3985 eicerent
1252 3932 1309 3985 tule
1332 3949 1439 3999 genus
1463 3948 1645 4000 purpurae,

149 4001 294 4065 ll‚2cum
303 4001 467 4055 'Maximiani
478 4003 658 4071 asperitatem
670 4005 872 4063 -eretlDioelt
924 4022 976 4058 ner
1005 4012 1099 4056 tannen
1128 4004 1253 4055 invenire
1281 4006 1441 4072 potnerunt.
1480 4002 1535 4055 (11.1
1566 4002 1646 4059 123

149 4072 217 4126 Tac.
242 4073 284 4130 14.
304 4073 320 4124 d
343 4072 508 4127 effusionem
532 4075 561 4127 iu
578 4091 610 4128 eo
629 4076 718 4128 frater
736 4077 809 4145 frugi
828 4078 871 4130 ·it.
924 4093 987 4129 rum
1010 4076 1085 4144 apud
1110 4075 1275 4142 Lugdunum
1299 4075 1419 4128 eundum
1446 4073 1645 4131 interfecisset.

150 4144 176 4196 H
196 4144 238 4211 ln,
262 4145 293 4197 12
311 4162 373 4197 cum
394 4145 510 4198 verbum
528 4146 587 4198 eius
606 4147 746 4215 quendem
765 4149 800 4200 ab
821 4148 872 4201 He
925 4146 1021 4200 stetim
1040 4146 1182 4199 litteras
1205 4146 1238 4198 -ri
1264 4146 1352 4200 iussit.
1391 4145 1452 4198 (lar.
1472 4146 1544 4199 ene
1563 4148 1603 4205 ut,
1623 4146 1645 4197 ei

150 4232 226 4268 -sum
247 4222 322 4269 esset
340 4222 425 4284 atque
445 4216 493 4270 ille
512 4218 649 4271 cessisset.
925 4219 986 4286 quis
1006 4219 1140 4285 eloquens
1155 4218 1240 4271 vellet
1254 4217 1330 4271 iacta
1343 4217 1499 4285 principum
1513 4232 1647 4283 reserare,

185 4284 454 4355 reprehensio.
496 4288 549 4340 Me
577 4289 621 4351 23,
649 4289 666 4340 ‘2
694 4291 767 4356 quod
796 4289 872 4342 laudi
925 4290 1103 4342 materiem
1123 4307 1178 4341 non
1198 4294 1278 4341 -eret
1310 4289 1361 4340 Mn
1385 4288 1647 4357 landoniorum

150 4357 246 4426 potins
265 4360 348 4411 datur
367 4375 452 4427 fluam
470 4360 499 4412 -i.
538 4358 562 4411 H
581 4360 635 4421 2,1
657 4361 785 4413 venando
798 4361 873 4427 (ndi
925 4361 1001 4414 urbis
1019 4361 1231 4414 occasionem
1256 4377 1318 4412 cum
1341 4359 1510 4426 quibusdam
1529 4359 1647 4412 consciis

151 4426 235 4493 Noai
259 4446 347 4498 usque
369 4432 405 4484 ad
428 4448 486 4484 -em
509 4431 658 4484 studiosus.
697 4430 742 4483 ΑΡ
762 4430 873 4489 deut
925 4450 994 4485 -enn¹
1034 4432 1086 4484 Me
1108 4432 1165 4489 1,1
1189 4432 1374 4484 remedium
1397 4438 1496 4484 contre
1522 4431 1645 4483 furerem

150 4509 229 4553 esset
247 4502 389 4569 opulentia
407 4503 467 4555 sine
486 4522 522 4559 -υ,
546 4502 717 4571 parsimonia
735 4502 794 4555 siue
813 4521 873 4557 sor·
925 4503 1045 4557 hominis
1056 4501 1241 4570 inprobissimi
1252 4518 1321 4554 -cns
1353 4504 1380 4565 b)
1397 4502 1440 4555 Pr.
1454 4502 1492 4566 10,
1503 4504 1519 4553 1
1530 4502 1644 4554 -rndurn

152 4570 243 4625 dibus.
281 4570 304 4625 'l'
328 4572 389 4631 ihi
415 4574 437 4626 si
462 4576 490 4626 et
514 4589 596 4626 senes
619 4576 704 4641 atque
725 4574 872 4643 inpuberes
925 4592 986 4628 esse
1006 4574 1195 4641 prinripem
1214 4573 1359 4640 aliquem
1379 4573 1491 4631 ferti-m.
1509 4576 1646 4637 sanctum,

151 4642 212 4696 sine
240 4660 269 4696 -e
297 4648 395 4697 noetm
422 4645 510 4698 occidi
539 4650 662 4713 possent.
709 4644 769 4699 Cor.
796 4648 873 4711 181)
924 4678 958 4684 -
977 4646 1107 4713 prolium:
1131 4645 1201 4705 l‘2,2
1221 4662 1274 4697 non
1293 4644 1497 4703 nobisA.,nen
1519 4646 1570 4711 Ab,
1589 4662 1645 4699 non

151 4730 217 4767 eum
243 4714 287 4767 vel
316 4716 444 4769 dirorum
471 4716 607 4773 (virorum
636 4717 702 4780 cort,
725 4717 797 4784 quod
820 4718 871 4783 des.
927 4718 1010 4775 Anti,
1024 4734 1080 4769 non
1092 4716 1228 4768 'l'raianus
1241 4717 1290 4768 aut
1303 4715 1343 4770 Ol.
1356 4716 1434 4770 -endi
1448 4721 1520 4769 suxit.
1553 4717 1647 4769 omnia

152 4784 235 4839 Mers.
255 4786 347 4839 Hora.
366 4791 410 4846 25.
430 4792 493 4843 259.
512 4793 537 4851 1)
563 4788 721 4857 principum
740 4789 800 4841 rita
818 4806 872 4842 non
926 4789 953 4840 in
974 4806 1029 4840 uno
1048 4788 1175 4856 principe
1195 4788 1348 4841 constituta
1367 4806 1388 4840 s.

151 4856 212 4910 siue
230 4874 258 4911 -e
277 4856 395 4911 dicatur.
961 4861 989 4917 ‘dl
1008 4864 1035 4909 ul
1050 4860 1169 4927 ‘srupcs'.
1190 4857 1262 4911 Gall.
1275 4858 1330 4919 9,3
1350 4859 1389 4911 ab
1410 4858 1459 4917 his,
1481 4859 1526 4925 qui
1540 4858 1645 4911 circum

186 4925 416 4997 reprimere.
454 4928 477 4982 ll
499 4931 540 4991 12,
554 4932 571 4981 e
585 4930 693 4983 llollum
707 4930 873 4984 Parthorum
926 4950 988 4983 enm
1008 4934 1098 4987 crant.
1118 4930 1209 4982 -ebatt
1230 4928 1344 4997 ‘Ecquid
1360 4929 1494 4983 habemus
1513 4930 1541 4981 in
1560 4944 1645 4998 pran-

153 4999 234 5052 -in
253 5006 331 5054 motu
348 4998 461 5053 tantum
479 5001 541 5065 fuit,
560 5002 645 5069 idque
665 5002 708 5053 Hi
727 5002 873 5070 conloquio
927 5003 988 5054 ilie?
1007 5002 1049 5040 -'
1076 5001 1120 5053 ΑΡ
1142 5000 1220 5057 11.8
1243 5018 1305 5054 cum
1325 5033 1359 5041 -
1378 5001 1480 5061 nisset,
1505 5000 1580 5054 uude
1599 5017 1646 5053 eas

152 5086 243 5123 -ssum
262 5076 313 5124 est.
352 5072 398 5124 ΑΡ
421 5072 661 5141 r'),5inhcl1aie
685 5073 873 5142 etiamatqne
927 5075 1079 5127 leolnmuas
1105 5072 1327 5141 porphyreticae
1351 5073 1476 5126 haberet.
1514 5072 1561 5125 ΡΝ
1584 5069 1610 5133 8,
1629 5072 1646 5121 e

154 5142 284 5211 Aegypte
307 5140 473 5196 rebelliones
502 5144 574 5196 -seit
616 5144 670 5196 MA
697 5144 740 5211 22,
767 5146 801 5197 lll
827 5162 873 5199 res
927 5162 978 5197 noe
1006 5144 1098 5197 defuit
1124 5144 1181 5197 elie
1207 5144 1362 5205 (prioritas,
1386 5160 1442 5211 que
1469 5142 1568 5196 eitum
1595 5147 1646 5201 est,
