<?xml version="1.0" encoding="UTF-8"?>
<!DOCTYPE html PUBLIC "-//W3C//DTD XHTML 1.0 Transitional//EN"
    "http://www.w3.org/TR/xhtml1/DTD/xhtml1-transitional.dtd">
<html xmlns="http://www.w3.org/1999/xhtml" xml:lang="en" lang="en">
 <head>
  <title>
</title>
<meta http-equiv="Content-Type" content="text/html;charset=utf-8" />
  <meta name='ocr-system' content='tesseract 3.04.00' />
  <meta name='ocr-capabilities' content='ocr_page ocr_carea ocr_par ocr_line ocrx_word'/>
</head>
<body>
  <div class='ocr_page' id='page_1' title='image "./scriptorumhisto01lessgoog/scriptorumhisto01lessgoog_0013.png"; bbox 0 0 3600 5834; ppageno 0'>
   <div class='ocr_carea' id='block_1_1' title="bbox 148 438 181 503">
    <p class='ocr_par' dir='ltr' id='par_1_1' title="bbox 148 438 181 503">
     <span class='ocr_line' id='line_1_1' title="bbox 148 438 181 503; baseline -0.03 0"><span class='ocrx_word' id='word_1_1' title='bbox 148 438 181 503; x_wconf 91' lang='grc' dir='ltr'>ΙΙ</span> 
     </span>
    </p>
   </div>
   <div class='ocr_carea' id='block_1_2' title="bbox 147 598 1645 1754">
    <p class='ocr_par' dir='ltr' id='par_1_2' title="bbox 147 598 1645 1754">
     <span class='ocr_line' id='line_1_2' title="bbox 255 598 1645 686; baseline 0.001 -23"><span class='ocrx_word' id='word_1_2' title='bbox 255 599 396 663; x_wconf 83' lang='lat' dir='ltr'><strong>Nomina</strong></span> <span class='ocrx_word' id='word_1_3' title='bbox 418 603 552 685; x_wconf 89' lang='lat' dir='ltr'>propria</span> <span class='ocrx_word' id='word_1_4' title='bbox 576 598 662 684; x_wconf 93' lang='lat' dir='ltr'>quod</span> <span class='ocrx_word' id='word_1_5' title='bbox 687 600 799 682; x_wconf 88' lang='lat' dir='ltr'>omisi,</span> <span class='ocrx_word' id='word_1_6' title='bbox 825 622 1020 686; x_wconf 88' lang='lat' dir='ltr'>quamquam</span> <span class='ocrx_word' id='word_1_7' title='bbox 1054 622 1166 664; x_wconf 90' lang='lat' dir='ltr'>corum</span> <span class='ocrx_word' id='word_1_8' title='bbox 1196 622 1325 686; x_wconf 91' lang='lat' dir='ltr'>quoque</span> <span class='ocrx_word' id='word_1_9' title='bbox 1355 600 1505 686; x_wconf 88' lang='lat' dir='ltr'>exempla</span> <span class='ocrx_word' id='word_1_10' title='bbox 1535 603 1645 665; x_wconf 88' lang='lat' dir='ltr'>omnia</span> 
     </span>
     <span class='ocr_line' id='line_1_3' title="bbox 149 705 1643 793; baseline 0 -23"><span class='ocrx_word' id='word_1_11' title='bbox 149 705 254 770; x_wconf 87' lang='lat' dir='ltr'>habeo</span> <span class='ocrx_word' id='word_1_12' title='bbox 279 715 447 790; x_wconf 80' lang='lat' dir='ltr'>congesta,</span> <span class='ocrx_word' id='word_1_13' title='bbox 472 707 528 770; x_wconf 88' lang='lat' dir='ltr'>vix</span> <span class='ocrx_word' id='word_1_14' title='bbox 546 708 718 791; x_wconf 92' lang='lat' dir='ltr'>quisquam</span> <span class='ocrx_word' id='word_1_15' title='bbox 736 705 920 789; x_wconf 81' lang='lat' dir='ltr'>mirabitur3</span> <span class='ocrx_word' id='word_1_16' title='bbox 945 717 1034 770; x_wconf 88' lang='lat' dir='ltr'>extat</span> <span class='ocrx_word' id='word_1_17' title='bbox 1051 708 1138 770; x_wconf 90' lang='lat' dir='ltr'>enim</span> <span class='ocrx_word' id='word_1_18' title='bbox 1155 707 1264 770; x_wconf 89' lang='lat' dir='ltr'>Peteri</span> <span class='ocrx_word' id='word_1_19' title='bbox 1279 707 1388 786; x_wconf 84' lang='lat' dir='ltr'>index,</span> <span class='ocrx_word' id='word_1_20' title='bbox 1414 730 1510 793; x_wconf 89' lang='lat' dir='ltr'>quem</span> <span class='ocrx_word' id='word_1_21' title='bbox 1529 710 1643 771; x_wconf 83' lang='lat' dir='ltr'>tertiae</span> 
     </span>
     <span class='ocr_line' id='line_1_4' title="bbox 148 812 1643 900; baseline 0.001 -23"><span class='ocrx_word' id='word_1_22' title='bbox 148 813 282 878; x_wconf 88' lang='lat' dir='ltr'>editioni</span> <span class='ocrx_word' id='word_1_23' title='bbox 318 812 437 878; x_wconf 80' lang='lat' dir='ltr'>adiciet</span> <span class='ocrx_word' id='word_1_24' title='bbox 472 822 666 892; x_wconf 87' lang='lat' dir='ltr'>correctum,</span> <span class='ocrx_word' id='word_1_25' title='bbox 702 816 896 898; x_wconf 88' lang='lat' dir='ltr'>praesertim</span> <span class='ocrx_word' id='word_1_26' title='bbox 933 836 1006 877; x_wconf 91' lang='lat' dir='ltr'>cum</span> <span class='ocrx_word' id='word_1_27' title='bbox 1042 813 1191 877; x_wconf 87' lang='lat' dir='ltr'>adhiberi</span> <span class='ocrx_word' id='word_1_28' title='bbox 1227 816 1333 899; x_wconf 85' lang='lat' dir='ltr'>possit</span> <span class='ocrx_word' id='word_1_29' title='bbox 1355 815 1643 900; x_wconf 83' lang='lat' dir='ltr'>Prosopographia</span> 
     </span>
     <span class='ocr_line' id='line_1_5' title="bbox 148 919 1641 1006; baseline 0 -23"><span class='ocrx_word' id='word_1_30' title='bbox 148 920 281 1006; x_wconf 92' lang='lat' dir='ltr'>Imperii</span> <span class='ocrx_word' id='word_1_31' title='bbox 305 919 453 988; x_wconf 84' lang='lat' dir='ltr'>Romani.</span> <span class='ocrx_word' id='word_1_32' title='bbox 499 919 550 983; x_wconf 86' lang='lat' dir='ltr'>Ac</span> <span class='ocrx_word' id='word_1_33' title='bbox 574 941 615 983; x_wconf 88' lang='lat' dir='ltr'>ne</span> <span class='ocrx_word' id='word_1_34' title='bbox 640 929 825 984; x_wconf 90' lang='lat' dir='ltr'>ceterorum</span> <span class='ocrx_word' id='word_1_35' title='bbox 850 920 983 1005; x_wconf 92' lang='lat' dir='ltr'>quidem</span> <span class='ocrx_word' id='word_1_36' title='bbox 1008 919 1181 984; x_wconf 90' lang='lat' dir='ltr'>verborum</span> <span class='ocrx_word' id='word_1_37' title='bbox 1208 921 1352 984; x_wconf 92' lang='lat' dir='ltr'>omnium</span> <span class='ocrx_word' id='word_1_38' title='bbox 1377 924 1485 985; x_wconf 91' lang='lat' dir='ltr'>omnia</span> <span class='ocrx_word' id='word_1_39' title='bbox 1509 944 1641 985; x_wconf 88' lang='lat' dir='ltr'>enume-</span> 
     </span>
     <span class='ocr_line' id='line_1_6' title="bbox 147 1024 1642 1113; baseline -0.001 -21"><span class='ocrx_word' id='word_1_40' title='bbox 147 1027 251 1092; x_wconf 84' lang='lat' dir='ltr'>randa</span> <span class='ocrx_word' id='word_1_41' title='bbox 275 1027 390 1091; x_wconf 87' lang='lat' dir='ltr'>censui</span> <span class='ocrx_word' id='word_1_42' title='bbox 414 1024 580 1112; x_wconf 65' lang='lat' dir='ltr'>exempla,</span> <span class='ocrx_word' id='word_1_43' title='bbox 613 1027 685 1111; x_wconf 92' lang='lat' dir='ltr'>quis</span> <span class='ocrx_word' id='word_1_44' title='bbox 710 1036 761 1089; x_wconf 89' lang='lat' dir='ltr'>est</span> <span class='ocrx_word' id='word_1_45' title='bbox 785 1027 881 1108; x_wconf 89' lang='lat' dir='ltr'>enim,</span> <span class='ocrx_word' id='word_1_46' title='bbox 911 1028 966 1112; x_wconf 93' lang='lat' dir='ltr'>qui</span> <span class='ocrx_word' id='word_1_47' title='bbox 992 1049 1106 1092; x_wconf 89' lang='lat' dir='ltr'>omnes</span> <span class='ocrx_word' id='word_1_48' title='bbox 1134 1025 1225 1090; x_wconf 89' lang='lat' dir='ltr'>locos</span> <span class='ocrx_word' id='word_1_49' title='bbox 1252 1026 1328 1090; x_wconf 91' lang='lat' dir='ltr'>velit</span> <span class='ocrx_word' id='word_1_50' title='bbox 1352 1026 1490 1109; x_wconf 86' lang='lat' dir='ltr'>adlatos,</span> <span class='ocrx_word' id='word_1_51' title='bbox 1521 1028 1642 1113; x_wconf 90' lang='lat' dir='ltr'>quibus</span> 
     </span>
     <span class='ocr_line' id='line_1_7' title="bbox 149 1132 1643 1220; baseline 0 -24"><span class='ocrx_word' id='word_1_52' title='bbox 149 1135 357 1198; x_wconf 82' lang='lat' dir='ltr'>inveniantur</span> <span class='ocrx_word' id='word_1_53' title='bbox 392 1132 571 1219; x_wconf 79' lang='lat' dir='ltr'>particulae</span> <span class='ocrx_word' id='word_1_54' title='bbox 603 1155 642 1197; x_wconf 87' lang='lat' dir='ltr'>ao</span> <span class='ocrx_word' id='word_1_55' title='bbox 671 1143 769 1218; x_wconf 88' lang='lat' dir='ltr'>atque</span> <span class='ocrx_word' id='word_1_56' title='bbox 799 1144 832 1196; x_wconf 93' lang='lat' dir='ltr'>et</span> <span class='ocrx_word' id='word_1_57' title='bbox 862 1156 935 1219; x_wconf 90' lang='lat' dir='ltr'>que,</span> <span class='ocrx_word' id='word_1_58' title='bbox 972 1144 1029 1197; x_wconf 84' lang='lat' dir='ltr'>aut</span> <span class='ocrx_word' id='word_1_59' title='bbox 1056 1135 1316 1220; x_wconf 82' lang='lat' dir='ltr'>praepositiones</span> <span class='ocrx_word' id='word_1_60' title='bbox 1341 1157 1361 1196; x_wconf 90' lang='lat' dir='ltr'>a</span> <span class='ocrx_word' id='word_1_61' title='bbox 1384 1134 1436 1204; x_wconf 92' lang='lat' dir='ltr'>ad,</span> <span class='ocrx_word' id='word_1_62' title='bbox 1462 1144 1517 1197; x_wconf 91' lang='lat' dir='ltr'>aut</span> <span class='ocrx_word' id='word_1_63' title='bbox 1540 1135 1643 1198; x_wconf 88' lang='lat' dir='ltr'>verba</span> 
     </span>
     <span class='ocr_line' id='line_1_8' title="bbox 149 1238 1641 1326; baseline 0 -22"><span class='ocrx_word' id='word_1_64' title='bbox 149 1240 281 1305; x_wconf 86' lang='lat' dir='ltr'>dicendi</span> <span class='ocrx_word' id='word_1_65' title='bbox 306 1238 471 1304; x_wconf 83' lang='lat' dir='ltr'>faciendi?</span> <span class='ocrx_word' id='word_1_66' title='bbox 519 1240 584 1304; x_wconf 88' lang='lat' dir='ltr'>Sed</span> <span class='ocrx_word' id='word_1_67' title='bbox 615 1262 792 1325; x_wconf 86' lang='lat' dir='ltr'>numquam</span> <span class='ocrx_word' id='word_1_68' title='bbox 821 1242 915 1304; x_wconf 88' lang='lat' dir='ltr'>omisi</span> <span class='ocrx_word' id='word_1_69' title='bbox 943 1253 1055 1326; x_wconf 86' lang='lat' dir='ltr'>aperte</span> <span class='ocrx_word' id='word_1_70' title='bbox 1087 1241 1195 1306; x_wconf 90' lang='lat' dir='ltr'>dicere</span> <span class='ocrx_word' id='word_1_71' title='bbox 1225 1240 1403 1326; x_wconf 88' lang='lat' dir='ltr'>exempla</span> <span class='ocrx_word' id='word_1_72' title='bbox 1432 1251 1555 1305; x_wconf 89' lang='lat' dir='ltr'>tantum</span> <span class='ocrx_word' id='word_1_73' title='bbox 1586 1241 1641 1304; x_wconf 91' lang='lat' dir='ltr'>ad-</span> 
     </span>
     <span class='ocr_line' id='line_1_9' title="bbox 148 1345 1641 1434; baseline -0.001 -22"><span class='ocrx_word' id='word_1_74' title='bbox 148 1348 236 1428; x_wconf 81' lang='lat' dir='ltr'>ferri,</span> <span class='ocrx_word' id='word_1_75' title='bbox 261 1345 380 1434; x_wconf 89' lang='lat' dir='ltr'>quibus</span> <span class='ocrx_word' id='word_1_76' title='bbox 405 1346 595 1412; x_wconf 87' lang='lat' dir='ltr'>inlustretur</span> <span class='ocrx_word' id='word_1_77' title='bbox 618 1346 711 1411; x_wconf 91' lang='lat' dir='ltr'>verbi</span> <span class='ocrx_word' id='word_1_78' title='bbox 735 1347 929 1431; x_wconf 86' lang='lat' dir='ltr'>significatio</span> <span class='ocrx_word' id='word_1_79' title='bbox 955 1358 987 1410; x_wconf 89' lang='lat' dir='ltr'>et</span> <span class='ocrx_word' id='word_1_80' title='bbox 1010 1371 1105 1428; x_wconf 83' lang='lat' dir='ltr'>usus3</span> <span class='ocrx_word' id='word_1_81' title='bbox 1129 1347 1217 1433; x_wconf 86' lang='lat' dir='ltr'>quod</span> <span class='ocrx_word' id='word_1_82' title='bbox 1242 1347 1297 1410; x_wconf 92' lang='lat' dir='ltr'>ubi</span> <span class='ocrx_word' id='word_1_83' title='bbox 1320 1370 1386 1411; x_wconf 86' lang='lat' dir='ltr'>non</span> <span class='ocrx_word' id='word_1_84' title='bbox 1411 1360 1461 1411; x_wconf 90' lang='lat' dir='ltr'>est</span> <span class='ocrx_word' id='word_1_85' title='bbox 1484 1347 1641 1418; x_wconf 88' lang='lat' dir='ltr'>additum,</span> 
     </span>
     <span class='ocr_line' id='line_1_10' title="bbox 149 1453 1641 1541; baseline -0.001 -22"><span class='ocrx_word' id='word_1_86' title='bbox 149 1477 264 1519; x_wconf 91' lang='lat' dir='ltr'>omnes</span> <span class='ocrx_word' id='word_1_87' title='bbox 288 1453 351 1517; x_wconf 89' lang='lat' dir='ltr'>loci</span> <span class='ocrx_word' id='word_1_88' title='bbox 377 1465 618 1518; x_wconf 88' lang='lat' dir='ltr'>enumerantur.</span> <span class='ocrx_word' id='word_1_89' title='bbox 667 1454 849 1518; x_wconf 88' lang='lat' dir='ltr'>Interdum·</span> <span class='ocrx_word' id='word_1_90' title='bbox 869 1453 1044 1541; x_wconf 85' lang='lat' dir='ltr'>adscriptis</span> <span class='ocrx_word' id='word_1_91' title='bbox 1079 1456 1225 1518; x_wconf 89' lang='lat' dir='ltr'>numeris</span> <span class='ocrx_word' id='word_1_92' title='bbox 1255 1454 1425 1525; x_wconf 89' lang='lat' dir='ltr'>indicatur,</span> <span class='ocrx_word' id='word_1_93' title='bbox 1458 1465 1536 1540; x_wconf 93' lang='lat' dir='ltr'>quot</span> <span class='ocrx_word' id='word_1_94' title='bbox 1560 1453 1641 1518; x_wconf 90' lang='lat' dir='ltr'>locis</span> 
     </span>
     <span class='ocr_line' id='line_1_11' title="bbox 148 1559 1641 1646; baseline -0.001 -22"><span class='ocrx_word' id='word_1_95' title='bbox 148 1562 329 1626; x_wconf 83' lang='lat' dir='ltr'>invenerim</span> <span class='ocrx_word' id='word_1_96' title='bbox 346 1561 483 1624; x_wconf 91' lang='lat' dir='ltr'>verbum</span> <span class='ocrx_word' id='word_1_97' title='bbox 508 1560 685 1625; x_wconf 86' lang='lat' dir='ltr'>laudatum.</span> <span class='ocrx_word' id='word_1_98' title='bbox 733 1561 771 1624; x_wconf 93' lang='lat' dir='ltr'>In</span> <span class='ocrx_word' id='word_1_99' title='bbox 796 1559 959 1645; x_wconf 86' lang='lat' dir='ltr'>eligendis</span> <span class='ocrx_word' id='word_1_100' title='bbox 980 1571 1089 1625; x_wconf 87' lang='lat' dir='ltr'>autem</span> <span class='ocrx_word' id='word_1_101' title='bbox 1107 1559 1265 1646; x_wconf 88' lang='lat' dir='ltr'>exemplis</span> <span class='ocrx_word' id='word_1_102' title='bbox 1291 1562 1387 1624; x_wconf 89' lang='lat' dir='ltr'>enixe</span> <span class='ocrx_word' id='word_1_103' title='bbox 1405 1584 1537 1646; x_wconf 89' lang='lat' dir='ltr'>operam</span> <span class='ocrx_word' id='word_1_104' title='bbox 1555 1561 1641 1642; x_wconf 86' lang='lat' dir='ltr'>dedi,</span> 
     </span>
     <span class='ocr_line' id='line_1_12' title="bbox 148 1666 1534 1754; baseline -0.001 -22"><span class='ocrx_word' id='word_1_105' title='bbox 148 1690 190 1732; x_wconf 86' lang='lat' dir='ltr'>ne</span> <span class='ocrx_word' id='word_1_106' title='bbox 215 1690 313 1754; x_wconf 92' lang='lat' dir='ltr'>quem</span> <span class='ocrx_word' id='word_1_107' title='bbox 336 1667 444 1730; x_wconf 90' lang='lat' dir='ltr'>locum</span> <span class='ocrx_word' id='word_1_108' title='bbox 469 1669 770 1753; x_wconf 78' lang='lat' dir='ltr'>praetermitterem,</span> <span class='ocrx_word' id='word_1_109' title='bbox 795 1669 850 1753; x_wconf 92' lang='lat' dir='ltr'>qui</span> <span class='ocrx_word' id='word_1_110' title='bbox 874 1666 984 1753; x_wconf 88' lang='lat' dir='ltr'>aliqua</span> <span class='ocrx_word' id='word_1_111' title='bbox 1007 1691 1048 1731; x_wconf 91' lang='lat' dir='ltr'>ex</span> <span class='ocrx_word' id='word_1_112' title='bbox 1073 1678 1164 1753; x_wconf 88' lang='lat' dir='ltr'>parte</span> <span class='ocrx_word' id='word_1_113' title='bbox 1189 1678 1279 1731; x_wconf 86' lang='lat' dir='ltr'>esset</span> <span class='ocrx_word' id='word_1_114' title='bbox 1302 1666 1534 1732; x_wconf 89' lang='lat' dir='ltr'>memorabilis.</span> 
     </span>
    </p>
   </div>
   <div class='ocr_carea' id='block_1_3' title="bbox 150 1790 1642 3796">
    <p class='ocr_par' dir='ltr' id='par_1_3' title="bbox 150 1790 1642 2835">
     <span class='ocr_line' id='line_1_13' title="bbox 255 1790 1642 1877; baseline 0.001 -21"><span class='ocrx_word' id='word_1_115' title='bbox 255 1793 481 1876; x_wconf 88' lang='lat' dir='ltr'>Designantur</span> <span class='ocrx_word' id='word_1_116' title='bbox 514 1791 574 1855; x_wconf 86' lang='lat' dir='ltr'>loci</span> <span class='ocrx_word' id='word_1_117' title='bbox 615 1790 715 1855; x_wconf 87' lang='lat' dir='ltr'>adlati</span> <span class='ocrx_word' id='word_1_118' title='bbox 752 1790 939 1855; x_wconf 87' lang='lat' dir='ltr'>nominibus</span> <span class='ocrx_word' id='word_1_119' title='bbox 975 1794 1221 1877; x_wconf 84' lang='lat' dir='ltr'>imperatorum3</span> <span class='ocrx_word' id='word_1_120' title='bbox 1261 1793 1294 1855; x_wconf 92' lang='lat' dir='ltr'>in</span> <span class='ocrx_word' id='word_1_121' title='bbox 1330 1813 1394 1875; x_wconf 90' lang='lat' dir='ltr'>quo</span> <span class='ocrx_word' id='word_1_122' title='bbox 1434 1792 1524 1855; x_wconf 90' lang='lat' dir='ltr'>hisce</span> <span class='ocrx_word' id='word_1_123' title='bbox 1561 1816 1642 1857; x_wconf 89' lang='lat' dir='ltr'>usus</span> 
     </span>
     <span class='ocr_line' id='line_1_14' title="bbox 150 1882 989 1963; baseline -0.006 0"><span class='ocrx_word' id='word_1_124' title='bbox 150 1883 223 1963; x_wconf 85' lang='lat' dir='ltr'>sum</span> <span class='ocrx_word' id='word_1_125' title='bbox 247 1901 348 1963; x_wconf 88' lang='lat' dir='ltr'>notis:</span> <span class='ocrx_word' id='word_1_126' title='bbox 986 1882 989 1887; x_wconf 34' lang='lat'><strong>¹</strong></span> 
     </span>
     <span class='ocr_line' id='line_1_15' title="bbox 193 2022 1360 2108; baseline -0.003 -20"><span class='ocrx_word' id='word_1_127' title='bbox 193 2025 224 2088; x_wconf 91' lang='lat' dir='ltr'>A</span> <span class='ocrx_word' id='word_1_128' title='bbox 248 2023 503 2088; x_wconf 86' lang='lat' dir='ltr'>:Aurelianus</span> <span class='ocrx_word' id='word_1_129' title='bbox 968 2022 1040 2087; x_wconf 89' lang='lat' dir='ltr'>Hel.</span> <span class='ocrx_word' id='word_1_130' title='bbox 1067 2054 1100 2078; x_wconf 95' lang='lat'>=</span> <span class='ocrx_word' id='word_1_131' title='bbox 1124 2022 1360 2108; x_wconf 86' lang='lat' dir='ltr'>Heliogabalus</span> 
     </span>
     <span class='ocr_line' id='line_1_16' title="bbox 196 2129 1455 2195; baseline -0.001 -1"><span class='ocrx_word' id='word_1_132' title='bbox 196 2129 253 2195; x_wconf 85' lang='lat' dir='ltr'>AC</span> <span class='ocrx_word' id='word_1_133' title='bbox 278 2160 311 2185; x_wconf 95' lang='lat'><strong><em>=</em></strong></span> <span class='ocrx_word' id='word_1_134' title='bbox 335 2130 476 2194; x_wconf 89' lang='lat' dir='ltr'>Avidius</span> <span class='ocrx_word' id='word_1_135' title='bbox 501 2129 639 2194; x_wconf 86' lang='lat' dir='ltr'>Cassius</span> <span class='ocrx_word' id='word_1_136' title='bbox 966 2129 1032 2193; x_wconf 95' lang='lat' dir='ltr'>MA</span> <span class='ocrx_word' id='word_1_137' title='bbox 1056 2160 1090 2184; x_wconf 92' lang='lat'><strong><em>=</em></strong></span> <span class='ocrx_word' id='word_1_138' title='bbox 1114 2130 1246 2194; x_wconf 86' lang='lat' dir='ltr'>Marcus</span> <span class='ocrx_word' id='word_1_139' title='bbox 1271 2132 1455 2194; x_wconf 85' lang='lat' dir='ltr'>Antoninus</span> 
     </span>
     <span class='ocr_line' id='line_1_17' title="bbox 193 2223 1457 2321; baseline -0.001 -21"><span class='ocrx_word' id='word_1_140' title='bbox 193 2235 264 2302; x_wconf 90' lang='lat' dir='ltr'>Ael.</span> <span class='ocrx_word' id='word_1_141' title='bbox 291 2268 325 2291; x_wconf 85' lang='lat'>=</span> <span class='ocrx_word' id='word_1_142' title='bbox 350 2236 464 2301; x_wconf 86' lang='lat' dir='ltr'>Aelius</span> <span class='ocrx_word' id='word_1_143' title='bbox 488 2234 632 2321; x_wconf 86' lang='lat' dir='ltr'>(Helius)</span> <span class='ocrx_word' id='word_1_144' title='bbox 897 2223 900 2229; x_wconf 51' lang='grc'><em>’</em></span> <span class='ocrx_word' id='word_1_145' title='bbox 967 2237 1054 2301; x_wconf 87' lang='lat' dir='ltr'>Max.</span> <span class='ocrx_word' id='word_1_146' title='bbox 1080 2267 1114 2290; x_wconf 77' lang='lat' dir='ltr'><strong><em>z</em></strong></span> <span class='ocrx_word' id='word_1_147' title='bbox 1137 2235 1307 2301; x_wconf 85' lang='lat' dir='ltr'>Maximini</span> <span class='ocrx_word' id='word_1_148' title='bbox 1331 2237 1374 2301; x_wconf 90' lang='lat' dir='ltr'>H.</span> <span class='ocrx_word' id='word_1_149' title='bbox 1454 2272 1457 2278; x_wconf 91' lang='lat'>·</span> 
     </span>
     <span class='ocr_line' id='line_1_18' title="bbox 195 2342 1513 2408; baseline -0.001 0"><span class='ocrx_word' id='word_1_150' title='bbox 195 2345 253 2408; x_wconf 82' lang='grc' dir='ltr'>ΑΡ</span> <span class='ocrx_word' id='word_1_151' title='bbox 277 2344 519 2408; x_wconf 86' lang='lat' dir='ltr'>:Antoninus</span> <span class='ocrx_word' id='word_1_152' title='bbox 544 2344 623 2406; x_wconf 89' lang='lat' dir='ltr'>Pius</span> <span class='ocrx_word' id='word_1_153' title='bbox 967 2343 1029 2407; x_wconf 91' lang='lat' dir='ltr'>MB</span> <span class='ocrx_word' id='word_1_154' title='bbox 1054 2342 1275 2407; x_wconf 85' lang='lat' dir='ltr'>:Maximus</span> <span class='ocrx_word' id='word_1_155' title='bbox 1300 2354 1332 2406; x_wconf 93' lang='lat' dir='ltr'>et</span> <span class='ocrx_word' id='word_1_156' title='bbox 1354 2342 1513 2408; x_wconf 89' lang='lat' dir='ltr'>Balbinus</span> 
     </span>
     <span class='ocr_line' id='line_1_19' title="bbox 194 2448 1436 2536; baseline -0.002 -22"><span class='ocrx_word' id='word_1_157' title='bbox 194 2450 248 2515; x_wconf 88' lang='lat' dir='ltr'>AS</span> <span class='ocrx_word' id='word_1_158' title='bbox 274 2480 307 2504; x_wconf 95' lang='lat'>=</span> <span class='ocrx_word' id='word_1_159' title='bbox 331 2448 522 2514; x_wconf 83' lang='lat' dir='ltr'>Alexander</span> <span class='ocrx_word' id='word_1_160' title='bbox 548 2450 691 2515; x_wconf 87' lang='lat' dir='ltr'>Severus</span> <span class='ocrx_word' id='word_1_161' title='bbox 969 2449 1035 2514; x_wconf 90' lang='lat' dir='ltr'>OM</span> <span class='ocrx_word' id='word_1_162' title='bbox 1058 2487 1092 2511; x_wconf 90' lang='lat'><strong><em>=</em></strong></span> <span class='ocrx_word' id='word_1_163' title='bbox 1117 2449 1247 2536; x_wconf 79' lang='lat' dir='ltr'>Opilius</span> <span class='ocrx_word' id='word_1_164' title='bbox 1271 2449 1436 2514; x_wconf 82' lang='lat' dir='ltr'>Macrinus</span> 
     </span>
     <span class='ocr_line' id='line_1_20' title="bbox 194 2550 1232 2623; baseline -0.002 0"><span class='ocrx_word' id='word_1_165' title='bbox 194 2556 221 2623; x_wconf 84' lang='lat' dir='ltr'>C</span> <span class='ocrx_word' id='word_1_166' title='bbox 246 2588 279 2612; x_wconf 95' lang='lat'>=</span> <span class='ocrx_word' id='word_1_167' title='bbox 305 2556 506 2622; x_wconf 82' lang='lat' dir='ltr'>Commodus</span> <span class='ocrx_word' id='word_1_168' title='bbox 623 2550 625 2567; x_wconf 89' lang='lat'>&#39;</span> <span class='ocrx_word' id='word_1_169' title='bbox 968 2557 994 2620; x_wconf 94' lang='lat' dir='ltr'>P</span> <span class='ocrx_word' id='word_1_170' title='bbox 1018 2587 1052 2611; x_wconf 92' lang='lat'><strong><em>=</em></strong></span> <span class='ocrx_word' id='word_1_171' title='bbox 1076 2557 1232 2621; x_wconf 86' lang='lat' dir='ltr'>Pertinax</span> 
     </span>
     <span class='ocr_line' id='line_1_21' title="bbox 196 2662 1437 2748; baseline -0.002 -18"><span class='ocrx_word' id='word_1_172' title='bbox 196 2663 268 2730; x_wconf 88' lang='lat' dir='ltr'>Car.</span> <span class='ocrx_word' id='word_1_173' title='bbox 293 2695 326 2718; x_wconf 92' lang='lat'><strong><em>=</em></strong></span> <span class='ocrx_word' id='word_1_174' title='bbox 352 2664 458 2728; x_wconf 87' lang='lat' dir='ltr'>Carus</span> <span class='ocrx_word' id='word_1_175' title='bbox 483 2673 515 2727; x_wconf 92' lang='lat' dir='ltr'>et</span> <span class='ocrx_word' id='word_1_176' title='bbox 533 2662 673 2728; x_wconf 88' lang='lat' dir='ltr'>Carinus</span> <span class='ocrx_word' id='word_1_177' title='bbox 698 2674 730 2726; x_wconf 89' lang='lat' dir='ltr'>ct</span> <span class='ocrx_word' id='word_1_178' title='bbox 748 2663 869 2727; x_wconf 88' lang='lat' dir='ltr'>Nume-</span> <span class='ocrx_word' id='word_1_179' title='bbox 969 2663 1024 2727; x_wconf 87' lang='grc' dir='ltr'>ΡΝ</span> <span class='ocrx_word' id='word_1_180' title='bbox 1048 2693 1082 2718; x_wconf 95' lang='lat'><strong><em>=</em></strong></span> <span class='ocrx_word' id='word_1_181' title='bbox 1105 2663 1311 2729; x_wconf 89' lang='lat' dir='ltr'>Pescennius</span> <span class='ocrx_word' id='word_1_182' title='bbox 1334 2664 1437 2748; x_wconf 88' lang='lat' dir='ltr'>Niger</span> 
     </span>
     <span class='ocr_line' id='line_1_22' title="bbox 310 2769 1231 2835; baseline -0.001 -1"><span class='ocrx_word' id='word_1_183' title='bbox 310 2773 422 2835; x_wconf 90' lang='lat' dir='ltr'>rianus</span> <span class='ocrx_word' id='word_1_184' title='bbox 968 2769 1020 2835; x_wconf 94' lang='lat' dir='ltr'>Pr.</span> <span class='ocrx_word' id='word_1_185' title='bbox 1046 2800 1080 2825; x_wconf 91' lang='lat'><strong><em>=</em></strong></span> <span class='ocrx_word' id='word_1_186' title='bbox 1103 2769 1231 2835; x_wconf 86' lang='lat' dir='ltr'>Probus</span> 
     </span>
    </p>

    <p class='ocr_par' dir='ltr' id='par_1_4' title="bbox 192 2875 1642 3796">
     <span class='ocr_line' id='line_1_23' title="bbox 194 2875 1641 2963; baseline -0.003 -20"><span class='ocrx_word' id='word_1_187' title='bbox 194 2877 250 2943; x_wconf 91' lang='lat' dir='ltr'>Cc.</span> <span class='ocrx_word' id='word_1_188' title='bbox 276 2908 309 2932; x_wconf 92' lang='lat'><strong><em>=</em></strong></span> <span class='ocrx_word' id='word_1_189' title='bbox 334 2875 525 2943; x_wconf 81' lang='lat' dir='ltr'>Caracallus</span> <span class='ocrx_word' id='word_1_190' title='bbox 967 2876 998 2958; x_wconf 81' lang='lat' dir='ltr'>Q</span> <span class='ocrx_word' id='word_1_191' title='bbox 1022 2908 1055 2932; x_wconf 76' lang='lat' dir='ltr'><strong><em>z</em></strong></span> <span class='ocrx_word' id='word_1_192' title='bbox 1080 2876 1268 2962; x_wconf 80' lang='lat' dir='ltr'>Quadrigae</span> <span class='ocrx_word' id='word_1_193' title='bbox 1318 2887 1529 2963; x_wconf 87' lang='lat' dir='ltr'>tyrannorum</span> <span class='ocrx_word' id='word_1_194' title='bbox 1576 2877 1641 2958; x_wconf 90' lang='lat' dir='ltr'>(Pr.</span> 
     </span>
     <span class='ocr_line' id='line_1_24' title="bbox 195 2982 1642 3068; baseline -0.003 -19"><span class='ocrx_word' id='word_1_195' title='bbox 195 2982 243 3050; x_wconf 90' lang='lat' dir='ltr'>Cl.</span> <span class='ocrx_word' id='word_1_196' title='bbox 269 3015 302 3039; x_wconf 93' lang='lat'><strong><em>=</em></strong></span> <span class='ocrx_word' id='word_1_197' title='bbox 327 2983 485 3049; x_wconf 89' lang='lat' dir='ltr'>Claudius</span> <span class='ocrx_word' id='word_1_198' title='bbox 1082 2983 1134 3062; x_wconf 83' lang='lat'>24,</span> <span class='ocrx_word' id='word_1_199' title='bbox 1152 2984 1185 3068; x_wconf 81' lang='lat'>8)</span> <span class='ocrx_word' id='word_1_200' title='bbox 1209 2985 1228 3048; x_wconf 94' lang='lat' dir='ltr'>i.</span> <span class='ocrx_word' id='word_1_201' title='bbox 1248 3007 1275 3048; x_wconf 96' lang='lat' dir='ltr'>e.</span> <span class='ocrx_word' id='word_1_202' title='bbox 1293 2985 1424 3048; x_wconf 87' lang='lat' dir='ltr'>Firmus</span> <span class='ocrx_word' id='word_1_203' title='bbox 1447 2983 1642 3049; x_wconf 88' lang='lat' dir='ltr'>Saturninus</span> 
     </span>
     <span class='ocr_line' id='line_1_25' title="bbox 195 3089 1475 3157; baseline -0.005 0"><span class='ocrx_word' id='word_1_204' title='bbox 195 3089 265 3157; x_wconf 87' lang='lat' dir='ltr'>ClA</span> <span class='ocrx_word' id='word_1_205' title='bbox 289 3121 323 3146; x_wconf 94' lang='lat'><strong><em>=</em></strong></span> <span class='ocrx_word' id='word_1_206' title='bbox 349 3090 483 3156; x_wconf 88' lang='lat' dir='ltr'>Clodius</span> <span class='ocrx_word' id='word_1_207' title='bbox 508 3090 648 3155; x_wconf 90' lang='lat' dir='ltr'>Albinus</span> <span class='ocrx_word' id='word_1_208' title='bbox 1081 3089 1242 3154; x_wconf 89' lang='lat' dir='ltr'>Proculus</span> <span class='ocrx_word' id='word_1_209' title='bbox 1267 3101 1299 3154; x_wconf 89' lang='lat' dir='ltr'>et</span> <span class='ocrx_word' id='word_1_210' title='bbox 1323 3090 1475 3154; x_wconf 87' lang='lat' dir='ltr'>Bonosus</span> 
     </span>
     <span class='ocr_line' id='line_1_26' title="bbox 193 3197 1219 3263; baseline -0.002 -1"><span class='ocrx_word' id='word_1_211' title='bbox 193 3197 260 3262; x_wconf 90' lang='lat' dir='ltr'>Dd.</span> <span class='ocrx_word' id='word_1_212' title='bbox 286 3228 318 3252; x_wconf 94' lang='lat'>=</span> <span class='ocrx_word' id='word_1_213' title='bbox 345 3197 572 3263; x_wconf 87' lang='lat' dir='ltr'>Diadumenus</span> <span class='ocrx_word' id='word_1_214' title='bbox 969 3197 991 3262; x_wconf 84' lang='lat' dir='ltr'>S</span> <span class='ocrx_word' id='word_1_215' title='bbox 1016 3226 1049 3251; x_wconf 95' lang='lat'><strong><em>=</em></strong></span> <span class='ocrx_word' id='word_1_216' title='bbox 1075 3197 1219 3262; x_wconf 89' lang='lat' dir='ltr'>Severus</span> 
     </span>
     <span class='ocr_line' id='line_1_27' title="bbox 194 3302 1359 3390; baseline -0.003 -21"><span class='ocrx_word' id='word_1_217' title='bbox 194 3302 251 3369; x_wconf 86' lang='lat' dir='ltr'>DJ</span> <span class='ocrx_word' id='word_1_218' title='bbox 276 3336 308 3358; x_wconf 97' lang='lat'><strong><em>=</em></strong></span> <span class='ocrx_word' id='word_1_219' title='bbox 332 3304 454 3369; x_wconf 92' lang='lat' dir='ltr'>Didius</span> <span class='ocrx_word' id='word_1_220' title='bbox 477 3304 631 3371; x_wconf 86' lang='lat' dir='ltr'>Julianus</span> <span class='ocrx_word' id='word_1_221' title='bbox 968 3304 996 3367; x_wconf 89' lang='grc' dir='ltr'><strong>Τ</strong></span> <span class='ocrx_word' id='word_1_222' title='bbox 1021 3334 1054 3358; x_wconf 95' lang='lat'><strong><em>=</em></strong></span> <span class='ocrx_word' id='word_1_223' title='bbox 1079 3304 1225 3390; x_wconf 89' lang='lat' dir='ltr'>Tyranni</span> <span class='ocrx_word' id='word_1_224' title='bbox 1248 3302 1359 3367; x_wconf 87' lang='lat' dir='ltr'>XXX.</span> 
     </span>
     <span class='ocr_line' id='line_1_28' title="bbox 195 3410 1267 3488; baseline -0.004 -11"><span class='ocrx_word' id='word_1_225' title='bbox 195 3410 284 3477; x_wconf 83' lang='lat' dir='ltr'>C:</span> <span class='ocrx_word' id='word_1_226' title='bbox 310 3411 395 3477; x_wconf 83' lang='lat' dir='ltr'>Geta</span> <span class='ocrx_word' id='word_1_227' title='bbox 652 3477 656 3488; x_wconf 64' lang='grc'><em>,</em></span> <span class='ocrx_word' id='word_1_228' title='bbox 966 3410 1047 3474; x_wconf 79' lang='lat' dir='ltr'>Tac.</span> <span class='ocrx_word' id='word_1_229' title='bbox 1073 3441 1106 3464; x_wconf 91' lang='lat'>=</span> <span class='ocrx_word' id='word_1_230' title='bbox 1131 3410 1267 3474; x_wconf 84' lang='lat' dir='ltr'>Tacitus</span> 
     </span>
     <span class='ocr_line' id='line_1_29' title="bbox 195 3516 1186 3598; baseline -0.005 -14"><span class='ocrx_word' id='word_1_231' title='bbox 195 3516 280 3584; x_wconf 81' lang='lat' dir='ltr'>Gall.</span> <span class='ocrx_word' id='word_1_232' title='bbox 305 3548 339 3572; x_wconf 90' lang='lat'>=</span> <span class='ocrx_word' id='word_1_233' title='bbox 364 3516 508 3582; x_wconf 84' lang='lat' dir='ltr'>Gallieni</span> <span class='ocrx_word' id='word_1_234' title='bbox 532 3517 575 3583; x_wconf 91' lang='grc' dir='ltr'>ΙΙ.</span> <span class='ocrx_word' id='word_1_235' title='bbox 655 3594 658 3598; x_wconf 20' lang='lat'><strong>¹</strong></span> <span class='ocrx_word' id='word_1_236' title='bbox 968 3517 996 3579; x_wconf 74' lang='lat' dir='ltr'><strong>V</strong></span> <span class='ocrx_word' id='word_1_237' title='bbox 1023 3547 1054 3570; x_wconf 93' lang='lat'>=</span> <span class='ocrx_word' id='word_1_238' title='bbox 1080 3516 1186 3580; x_wconf 88' lang='lat' dir='ltr'>Verus</span> 
     </span>
     <span class='ocr_line' id='line_1_30' title="bbox 194 3622 1466 3690; baseline -0.003 0"><span class='ocrx_word' id='word_1_239' title='bbox 194 3624 258 3690; x_wconf 86' lang='lat' dir='ltr'>Gd.</span> <span class='ocrx_word' id='word_1_240' title='bbox 283 3655 317 3680; x_wconf 93' lang='lat'>=</span> <span class='ocrx_word' id='word_1_241' title='bbox 343 3623 501 3690; x_wconf 81' lang='lat' dir='ltr'>Gordiani</span> <span class='ocrx_word' id='word_1_242' title='bbox 524 3623 586 3688; x_wconf 93' lang='lat' dir='ltr'>III.</span> <span class='ocrx_word' id='word_1_243' title='bbox 966 3623 1039 3688; x_wconf 88' lang='lat' dir='ltr'>Val.</span> <span class='ocrx_word' id='word_1_244' title='bbox 1064 3654 1099 3679; x_wconf 94' lang='lat'><strong><em>=</em></strong></span> <span class='ocrx_word' id='word_1_245' title='bbox 1122 3622 1289 3687; x_wconf 89' lang='lat' dir='ltr'>Valeriani</span> <span class='ocrx_word' id='word_1_246' title='bbox 1313 3623 1354 3687; x_wconf 94' lang='lat' dir='ltr'>ll.</span> <span class='ocrx_word' id='word_1_247' title='bbox 1464 3646 1466 3652; x_wconf 93' lang='lat'>·</span> 
     </span>
     <span class='ocr_line' id='line_1_31' title="bbox 192 3730 494 3796; baseline -0.01 0"><span class='ocrx_word' id='word_1_248' title='bbox 192 3733 225 3796; x_wconf 88' lang='lat' dir='ltr'>H</span> <span class='ocrx_word' id='word_1_249' title='bbox 249 3762 282 3787; x_wconf 93' lang='lat'><strong><em>=</em></strong></span> <span class='ocrx_word' id='word_1_250' title='bbox 305 3730 494 3795; x_wconf 88' lang='lat' dir='ltr'>Hadrianus</span> 
     </span>
    </p>
   </div>
   <div class='ocr_carea' id='block_1_4' title="bbox 147 3853 1642 4156">
    <p class='ocr_par' dir='ltr' id='par_1_5' title="bbox 147 3853 1642 4156">
     <span class='ocr_line' id='line_1_32' title="bbox 256 3853 1638 3941; baseline -0.003 -22"><span class='ocrx_word' id='word_1_251' title='bbox 256 3854 391 3920; x_wconf 88' lang='lat' dir='ltr'>Eisdem</span> <span class='ocrx_word' id='word_1_252' title='bbox 415 3856 502 3920; x_wconf 89' lang='lat' dir='ltr'>notis</span> <span class='ocrx_word' id='word_1_253' title='bbox 526 3878 606 3920; x_wconf 91' lang='lat' dir='ltr'>usus</span> <span class='ocrx_word' id='word_1_254' title='bbox 635 3879 708 3921; x_wconf 87' lang='lat' dir='ltr'>sum</span> <span class='ocrx_word' id='word_1_255' title='bbox 733 3857 766 3919; x_wconf 91' lang='lat' dir='ltr'>in</span> <span class='ocrx_word' id='word_1_256' title='bbox 790 3856 871 3941; x_wconf 90' lang='lat' dir='ltr'>ipsis</span> <span class='ocrx_word' id='word_1_257' title='bbox 899 3857 1093 3941; x_wconf 88' lang='lat' dir='ltr'>scriptorum</span> <span class='ocrx_word' id='word_1_258' title='bbox 1120 3854 1229 3918; x_wconf 89' lang='lat' dir='ltr'>verbis</span> <span class='ocrx_word' id='word_1_259' title='bbox 1254 3854 1381 3918; x_wconf 88' lang='lat' dir='ltr'>adlatis.</span> <span class='ocrx_word' id='word_1_260' title='bbox 1430 3853 1638 3938; x_wconf 87' lang='lat' dir='ltr'>Ubicumque</span> 
     </span>
     <span class='ocr_line' id='line_1_33' title="bbox 150 3958 1642 4047; baseline -0.004 -20"><span class='ocrx_word' id='word_1_261' title='bbox 150 3964 294 4028; x_wconf 86' lang='lat' dir='ltr'>Dessaui</span> <span class='ocrx_word' id='word_1_262' title='bbox 318 3963 504 4026; x_wconf 87' lang='lat' dir='ltr'>testimonio</span> <span class='ocrx_word' id='word_1_263' title='bbox 528 3965 625 4027; x_wconf 87' lang='lat' dir='ltr'>nixus</span> <span class='ocrx_word' id='word_1_264' title='bbox 650 3985 733 4045; x_wconf 89' lang='lat' dir='ltr'>sum,</span> <span class='ocrx_word' id='word_1_265' title='bbox 757 3961 920 4047; x_wconf 89' lang='lat' dir='ltr'>adscripsi</span> <span class='ocrx_word' id='word_1_266' title='bbox 940 3960 1064 4026; x_wconf 86' lang='lat' dir='ltr'>litteras</span> <span class='ocrx_word' id='word_1_267' title='bbox 1089 3968 1109 4026; x_wconf 79' lang='lat' dir='ltr'>t.</span> <span class='ocrx_word' id='word_1_268' title='bbox 1128 3960 1171 4026; x_wconf 88' lang='lat' dir='ltr'>D.</span> <span class='ocrx_word' id='word_1_269' title='bbox 1198 3960 1316 4026; x_wconf 89' lang='lat' dir='ltr'>Cetera</span> <span class='ocrx_word' id='word_1_270' title='bbox 1332 3963 1403 4026; x_wconf 87' lang='lat' dir='ltr'>eius</span> <span class='ocrx_word' id='word_1_271' title='bbox 1428 3961 1526 4041; x_wconf 93' lang='lat' dir='ltr'>modi,</span> <span class='ocrx_word' id='word_1_272' title='bbox 1551 3958 1642 4022; x_wconf 87' lang='lat' dir='ltr'>velut</span> 
     </span>
     <span class='ocr_line' id='line_1_34' title="bbox 147 4066 1640 4156; baseline -0.005 -18"><span class='ocrx_word' id='word_1_273' title='bbox 147 4075 185 4139; x_wconf 78' lang='lat' dir='ltr'>ci.</span> <span class='ocrx_word' id='word_1_274' title='bbox 210 4099 243 4125; x_wconf 91' lang='lat'><strong><em>=</em></strong></span> <span class='ocrx_word' id='word_1_275' title='bbox 267 4071 398 4136; x_wconf 76' lang='lat' dir='ltr'>coniecit</span> <span class='ocrx_word' id='word_1_276' title='bbox 421 4067 474 4132; x_wconf 89' lang='lat' dir='ltr'>vel</span> <span class='ocrx_word' id='word_1_277' title='bbox 497 4091 542 4135; x_wconf 81' lang='lat' dir='ltr'>aa.</span> <span class='ocrx_word' id='word_1_278' title='bbox 568 4101 599 4123; x_wconf 94' lang='lat'><strong><em>=</em></strong></span> <span class='ocrx_word' id='word_1_279' title='bbox 623 4091 730 4136; x_wconf 75' lang='lat' dir='ltr'>versus</span> <span class='ocrx_word' id='word_1_280' title='bbox 752 4092 812 4156; x_wconf 88' lang='lat' dir='ltr'>per</span> <span class='ocrx_word' id='word_1_281' title='bbox 841 4092 877 4134; x_wconf 85' lang='lat' dir='ltr'>se</span> <span class='ocrx_word' id='word_1_282' title='bbox 904 4078 999 4133; x_wconf 89' lang='lat' dir='ltr'>erunt</span> <span class='ocrx_word' id='word_1_283' title='bbox 1029 4070 1214 4155; x_wconf 87' lang='lat' dir='ltr'>perspicua.</span> <span class='ocrx_word' id='word_1_284' title='bbox 1262 4068 1342 4132; x_wconf 86' lang='lat' dir='ltr'>Loci</span> <span class='ocrx_word' id='word_1_285' title='bbox 1371 4067 1460 4132; x_wconf 93' lang='lat' dir='ltr'>dubii</span> <span class='ocrx_word' id='word_1_286' title='bbox 1487 4066 1539 4130; x_wconf 88' lang='lat' dir='ltr'>vel</span> <span class='ocrx_word' id='word_1_287' title='bbox 1569 4089 1640 4130; x_wconf 87' lang='lat' dir='ltr'>cor-</span> 
     </span>
    </p>
   </div>
   <div class='ocr_carea' id='block_1_5' title="bbox 53 4173 645 4263">
    <p class='ocr_par' dir='ltr' id='par_1_6' title="bbox 53 4173 645 4263">
     <span class='ocr_line' id='line_1_35' title="bbox 53 4173 645 4263; baseline -0.003 -21"><span class='ocrx_word' id='word_1_288' title='bbox 53 4255 55 4258; x_wconf 13' lang='lat'>,</span> <span class='ocrx_word' id='word_1_289' title='bbox 148 4179 233 4262; x_wconf 89' lang='lat' dir='ltr'>rupti</span> <span class='ocrx_word' id='word_1_290' title='bbox 258 4178 418 4241; x_wconf 86' lang='lat' dir='ltr'>asterisco</span> <span class='ocrx_word' id='word_1_291' title='bbox 442 4173 460 4213; x_wconf 84' lang='grc'><strong>*</strong></span> <span class='ocrx_word' id='word_1_292' title='bbox 484 4187 645 4263; x_wconf 85' lang='lat' dir='ltr'>notantur.</span> 
     </span>
    </p>
   </div>
   <div class='ocr_carea' id='block_1_6' title="bbox 254 4300 1637 4494">
    <p class='ocr_par' dir='ltr' id='par_1_7' title="bbox 254 4300 1637 4494">
     <span class='ocr_line' id='line_1_36' title="bbox 254 4300 902 4388; baseline -0.003 -22"><span class='ocrx_word' id='word_1_293' title='bbox 254 4301 392 4366; x_wconf 85' lang='lat' dir='ltr'>Restant</span> <span class='ocrx_word' id='word_1_294' title='bbox 420 4300 636 4388; x_wconf 83' lang='lat' dir='ltr'>explicandae</span> <span class='ocrx_word' id='word_1_295' title='bbox 664 4301 767 4366; x_wconf 84' lang='lat' dir='ltr'>haece</span> <span class='ocrx_word' id='word_1_296' title='bbox 791 4311 902 4365; x_wconf 83' lang='lat' dir='ltr'>notae:</span> 
     </span>
     <span class='ocr_line' id='line_1_37' title="bbox 254 4405 1637 4494; baseline -0.001 -21"><span class='ocrx_word' id='word_1_297' title='bbox 254 4409 323 4473; x_wconf 82' lang='lat' dir='ltr'>edd.</span> <span class='ocrx_word' id='word_1_298' title='bbox 347 4438 381 4462; x_wconf 91' lang='lat'><strong><em>=</em></strong></span> <span class='ocrx_word' id='word_1_299' title='bbox 405 4408 576 4488; x_wconf 87' lang='lat' dir='ltr'>editiones,</span> <span class='ocrx_word' id='word_1_300' title='bbox 600 4409 620 4473; x_wconf 95' lang='lat' dir='ltr'>i.</span> <span class='ocrx_word' id='word_1_301' title='bbox 646 4431 673 4472; x_wconf 93' lang='lat' dir='ltr'>e.</span> <span class='ocrx_word' id='word_1_302' title='bbox 700 4408 798 4472; x_wconf 91' lang='lat' dir='ltr'>editio</span> <span class='ocrx_word' id='word_1_303' title='bbox 823 4408 931 4472; x_wconf 91' lang='lat' dir='ltr'>Peteri</span> <span class='ocrx_word' id='word_1_304' title='bbox 952 4408 1137 4494; x_wconf 81' lang='lat' dir='ltr'>Lipsiensis</span> <span class='ocrx_word' id='word_1_305' title='bbox 1161 4405 1264 4471; x_wconf 81' lang='lat' dir='ltr'>altera</span> <span class='ocrx_word' id='word_1_306' title='bbox 1288 4419 1320 4471; x_wconf 88' lang='lat' dir='ltr'>et</span> <span class='ocrx_word' id='word_1_307' title='bbox 1343 4406 1394 4471; x_wconf 91' lang='lat' dir='ltr'>ed.</span> <span class='ocrx_word' id='word_1_308' title='bbox 1414 4407 1637 4472; x_wconf 89' lang='lat' dir='ltr'>Beroliuensis</span> 
     </span>
    </p>
   </div>
   <div class='ocr_carea' id='block_1_7' title="bbox 147 4513 741 4600">
    <p class='ocr_par' dir='ltr' id='par_1_8' title="bbox 147 4513 741 4600">
     <span class='ocr_line' id='line_1_38' title="bbox 147 4513 741 4600; baseline -0.005 -20"><span class='ocrx_word' id='word_1_309' title='bbox 147 4513 287 4581; x_wconf 85' lang='lat' dir='ltr'>Jordani</span> <span class='ocrx_word' id='word_1_310' title='bbox 311 4526 344 4579; x_wconf 90' lang='lat' dir='ltr'>et</span> <span class='ocrx_word' id='word_1_311' title='bbox 365 4514 606 4600; x_wconf 83' lang='lat' dir='ltr'>Eyssenhardti</span> <span class='ocrx_word' id='word_1_312' title='bbox 630 4514 741 4600; x_wconf 46' lang='lat' dir='ltr'>(JmE)</span> 
     </span>
    </p>
   </div>
   <div class='ocr_carea' id='block_1_8' title="bbox 255 4637 1555 4725">
    <p class='ocr_par' dir='ltr' id='par_1_9' title="bbox 255 4637 1555 4725">
     <span class='ocr_line' id='line_1_39' title="bbox 255 4637 1555 4725; baseline 0 -22"><span class='ocrx_word' id='word_1_313' title='bbox 255 4639 354 4703; x_wconf 81' lang='lat' dir='ltr'>Arcb.</span> <span class='ocrx_word' id='word_1_314' title='bbox 379 4668 413 4693; x_wconf 95' lang='lat'><strong><em>=</em></strong></span> <span class='ocrx_word' id='word_1_315' title='bbox 438 4639 562 4704; x_wconf 87' lang='lat' dir='ltr'>Archiv</span> <span class='ocrx_word' id='word_1_316' title='bbox 586 4640 639 4702; x_wconf 81' lang='lat' dir='ltr'>fur</span> <span class='ocrx_word' id='word_1_317' title='bbox 662 4637 853 4703; x_wconf 88' lang='lat' dir='ltr'>lateinische</span> <span class='ocrx_word' id='word_1_318' title='bbox 876 4638 1140 4725; x_wconf 88' lang='lat' dir='ltr'>Lexikographie</span> <span class='ocrx_word' id='word_1_319' title='bbox 1165 4639 1253 4724; x_wconf 90' lang='lat' dir='ltr'>hrsg.</span> <span class='ocrx_word' id='word_1_320' title='bbox 1280 4663 1308 4704; x_wconf 90' lang='lat' dir='ltr'>v.</span> <span class='ocrx_word' id='word_1_321' title='bbox 1332 4640 1371 4703; x_wconf 84' lang='lat' dir='ltr'>E.</span> <span class='ocrx_word' id='word_1_322' title='bbox 1396 4639 1555 4704; x_wconf 81' lang='lat' dir='ltr'>Wolfflin.</span> 
     </span>
    </p>
   </div>
   <div class='ocr_carea' id='block_1_9' title="bbox 255 4746 915 4937">
    <p class='ocr_par' dir='ltr' id='par_1_10' title="bbox 255 4746 915 4937">
     <span class='ocr_line' id='line_1_40' title="bbox 255 4746 603 4811; baseline 0 -1"><span class='ocrx_word' id='word_1_323' title='bbox 255 4746 367 4810; x_wconf 76' lang='lat' dir='ltr'>Herna</span> <span class='ocrx_word' id='word_1_324' title='bbox 393 4776 426 4800; x_wconf 95' lang='lat'><strong><em>=</em></strong></span> <span class='ocrx_word' id='word_1_325' title='bbox 451 4747 603 4811; x_wconf 88' lang='lat' dir='ltr'>Hermes.</span> 
     </span>
     <span class='ocr_line' id='line_1_41' title="bbox 255 4850 915 4937; baseline 0.003 -22"><span class='ocrx_word' id='word_1_326' title='bbox 255 4852 331 4916; x_wconf 83' lang='lat' dir='ltr'>Jlrb.</span> <span class='ocrx_word' id='word_1_327' title='bbox 357 4882 391 4907; x_wconf 92' lang='lat'><strong><em>=</em></strong></span> <span class='ocrx_word' id='word_1_328' title='bbox 415 4852 626 4917; x_wconf 80' lang='lat' dir='ltr'>Jahrbiicher</span> <span class='ocrx_word' id='word_1_329' title='bbox 650 4853 702 4916; x_wconf 82' lang='lat' dir='ltr'>fiir</span> <span class='ocrx_word' id='word_1_330' title='bbox 725 4850 915 4937; x_wconf 86' lang='lat' dir='ltr'>Philologie.</span> 
     </span>
    </p>
   </div>
   <div class='ocr_carea' id='block_1_10' title="bbox 256 4958 881 5131">
    <p class='ocr_par' dir='ltr' id='par_1_11' title="bbox 256 4958 881 5131">
     <span class='ocr_line' id='line_1_42' title="bbox 256 4958 621 5044; baseline 0.008 -23"><span class='ocrx_word' id='word_1_331' title='bbox 256 4959 339 5023; x_wconf 86' lang='lat' dir='ltr'>Plu&#39;l.</span> <span class='ocrx_word' id='word_1_332' title='bbox 365 4990 396 5012; x_wconf 95' lang='lat'><strong><em>=</em></strong></span> <span class='ocrx_word' id='word_1_333' title='bbox 423 4958 621 5044; x_wconf 87' lang='lat' dir='ltr'>Philologus.</span> 
     </span>
     <span class='ocr_line' id='line_1_43' title="bbox 256 5065 881 5131; baseline -0.002 -2"><span class='ocrx_word' id='word_1_334' title='bbox 256 5065 318 5129; x_wconf 77' lang='lat' dir='ltr'>th.</span> <span class='ocrx_word' id='word_1_335' title='bbox 343 5067 393 5130; x_wconf 87' lang='grc' dir='ltr'>Μ.</span> <span class='ocrx_word' id='word_1_336' title='bbox 420 5096 452 5119; x_wconf 77' lang='lat' dir='ltr'><strong><em>z</em></strong></span> <span class='ocrx_word' id='word_1_337' title='bbox 478 5065 697 5131; x_wconf 83' lang='lat' dir='ltr'>Rbeinisehes</span> <span class='ocrx_word' id='word_1_338' title='bbox 721 5066 881 5131; x_wconf 83' lang='lat' dir='ltr'>Museum.</span> 
     </span>
    </p>
   </div>
   <div class='ocr_carea' id='block_1_11' title="bbox 0 0 1804 5834">
    <p class='ocr_par' dir='ltr' id='par_1_12' title="bbox 0 0 1804 5834">
     <span class='ocr_line' id='line_1_44' title="bbox 0 0 1804 5834; baseline 0 0"><span class='ocrx_word' id='word_1_339' title='bbox 0 0 1804 5834; x_wconf 95' lang='lat' dir='ltr'> </span> 
     </span>
    </p>
   </div>
  </div>
 </body>
</html>
