3600 5834
147 485 200 540 614

147 647 217 702 odel.
246 646 417 712 Quomodo
440 648 590 716 Augustus,
619 646 667 699 sic
692 648 726 699 et
748 648 812 699 Ant.
832 677 867 685 —-

147 720 175 802 h)
193 718 253 771 Hel.
273 718 345 782 10,2
364 720 396 770 ut
415 718 450 771 ab
469 718 599 773 omnibus
618 717 772 772 officiorum
790 717 867 786 prin-

148 789 255 859 cipibus
268 790 314 844 sic
327 789 480 842 haberetur
493 789 589 857 quasi
603 788 708 843 domini
722 788 779 857 t-ae
793 788 865 853 Cos.)

148 860 272 914 meritus.
311 860 353 914 AS
365 860 438 917 37,1
459 864 490 915 θι
508 860 650 915 scaenicos
670 863 699 914 et
717 862 866 914 venatores

147 936 177 985 et
203 931 318 1000 aurigas
339 950 361 985 s.
387 932 502 986 alendos
526 931 605 1000 quasi
628 948 723 985 servos
745 933 865 986 nostros.

148 1004 222 1056 Max.
241 1002 266 1071 9,
285 1004 302 1055 2
330 1003 424 1057 omnia
446 1021 467 1056 s.
491 1003 520 1056 in
543 1003 648 1057 viribus
671 1003 727 1056 suis
750 1019 865 1071 ponens,

147 1075 227 1143 quasi
245 1091 301 1128 non
324 1077 421 1143 posset
443 1074 541 1128 occidi.
578 1074 647 1129 Gali.
667 1075 692 1137 6,
712 1074 727 1126 7
747 1092 769 1127 s.
788 1074 865 1128 deni-

147 1163 201 1213 qne
229 1146 265 1200 de
293 1145 420 1200 omnibus
448 1145 575 1215 partibus
602 1145 707 1212 muudi,
732 1162 795 1199 cum
818 1162 865 1199 aas

147 1217 300 1280 amitteret,
325 1217 404 1284 quasi
427 1216 603 1270 detrimentis
626 1216 723 1270 vilium
741 1217 867 1270 ministe-

147 1288 251 1342 riorum
268 1289 414 1342 videretur
432 1287 515 1348 silici,
539 1288 695 1342 iocabatur.
732 1286 786 1341 OM
804 1287 829 1350 5,
849 1287 864 1340 7

147 1359 213 1412 ‘Sic
232 1359 372 1414 Macrinus
392 1362 437 1414 est
455 1359 492 1422 S..
510 1377 574 1427 quo
597 1360 698 1414 modo
718 1359 771 1412 Dd.
790 1359 864 1412 Ant:

149 1431 191 1484 AS
214 1430 258 1493 50,
277 1431 294 1484 3
316 1429 370 1499 ipsi
392 1431 497 1485 milites
519 1431 647 1485 iuvenem
676 1431 789 1500 impem
817 1430 866 1484 sic

147 1502 282 1555 amabant
299 1505 336 1555 ut
347 1500 474 1567 fratrem,
493 1502 637 1568 utilium,
657 1505 694 1555 ut
709 1502 865 1571 parentem.

147 1573 181 1636 cs.
213 1572 279 1628 Tac.
303 1573 363 1633 68
388 1592 425 1626 ne
449 1593 469 1626 s.
494 1590 603 1642 remp.
626 1575 778 1643 patresque
802 1589 866 1626 cou-

147 1644 266 1714 scriptos
284 1644 472 1714 populumque
492 1645 572 1699 ltom.
591 1649 623 1698 ut
640 1644 766 1699 villulam
778 1647 865 1713 tuam,

147 1721 178 1770 ut
201 1716 313 1771 colonos
339 1718 413 1778 tuos,
440 1719 472 1769 ut
500 1733 595 1770 servos
623 1718 687 1770 tuos
715 1715 867 1784 relinquas.

147 1788 229 1850 V‘t,
248 1788 265 1840 2
286 1789 315 1840 h.
335 1788 449 1855 quidem
468 1788 563 1842 Marco
593 1818 625 1827 -
653 1787 708 1840 *sic
730 1787 867 1841 submisse

148 1860 192 1912 est
210 1860 254 1925 (ci.
273 1859 361 1913 Peter.
380 1858 419 1912 *si
438 1860 595 1928 susciperet
612 1859 696 1924 trad)
716 1860 866 1913 obsecutus

148 1934 179 1983 ut
197 1930 308 1999 legatus
326 1931 493 1999 proconsuli.

183 2001 211 2066 5)
230 2000 273 2054 AS
286 2002 330 2065 35,
343 2000 360 2053 6
372 2002 418 2056 ille
431 2001 526 2056 omnia
537 2033 572 2041 -
584 2001 634 2055 sic
647 2000 822 2063 vendiderat,
835 2003 868 2052 ut

149 2073 199 2127 Ali
219 2073 299 2141 quasi
317 2073 396 2126 stulti
415 2073 535 2127 hominis
554 2103 584 2113 -
607 2072 758 2126 insumeret
780 2073 867 2141 impe·

147 2145 231 2207 rium;
261 2144 377 2213 sicque
406 2145 535 2199 omuibus
562 2146 751 2214 persuaserat,
779 2142 867 2212 quod

148 2215 184 2269 ad
203 2217 302 2269 nutum
320 2233 401 2269 suum
419 2215 513 2269 omnia
530 2215 645 2270 faceret
663 2246 700 2255 —
719 2215 772 2269 MA
784 2214 867 2275 ‘134

147 2286 296 2342 ciPetscb.
315 2287 363 2354 qui
381 2286 430 2340 sic
447 2286 516 2341 felix
533 2286 643 2350 fuisset,
663 2286 692 2339 si
710 2286 798 2339 filium
810 2303 868 2340 non

148 2358 308 2482 rggquisset
336 2358 403 2426 (qui,
428 2363 449 2411 si
472 2357 540 2412 felix
563 2357 594 2420 i.,
616 2358 654 2413 fil.
677 2377 704 2410 n.
732 2359 782 2411 rel.
810 2357 867 2411 eod.

149 2446 162 2482 e
200 2433 228 2491 .).

184 2500 211 2567 6)
230 2504 258 2564 a)
278 2498 301 2564 Q
320 2500 346 2565 8,
365 2500 383 2553 8
402 2499 656 2569 nova(privilegial
675 2499 723 2553 sic
742 2499 867 2567 addidi,

148 2575 185 2624 ut
202 2571 344 2641 praesenti
361 2572 466 2639 gratias
485 2574 610 2641 agerent.
647 2570 670 2623 Τ
689 2570 745 2632 8,5
764 2574 794 2624 et
812 2570 867 2624 ior·

149 2642 270 2696 tissimus
293 2659 417 2710 quosque
439 2661 495 2696 uuo
519 2643 607 2712 digito
627 2660 647 2696 s.
668 2642 817 2709 adflixisse,
837 2644 869 2694 ut

149 2714 229 2782 quasi
248 2713 316 2782 ligni
335 2714 446 2767 -ictu
465 2714 588 2783 percussi
608 2713 745 2768 dolerent.
765 2718 788 2767 A
808 2712 832 2779 7,
852 2715 866 2765 1

150 2786 270 2840 Francos
293 2785 436 2839 inruentes
459 2817 495 2826 -
517 2803 538 2839 s.
563 2785 680 2847 adflixit,
703 2788 735 2838 ut
757 2784 811 2838 300
834 2801 867 2837 ex

147 2857 192 2911 his
210 2861 307 2925 captos
325 2889 360 2896 —
377 2857 546 2911 vendiderit.
584 2856 625 2910 AS
643 2856 686 2922 21,
706 2856 723 2909 9
741 2855 868 2910 Comme·

779 488 830 542 sic
848 516 885 525 —
902 487 1016 551 sigma

923 646 1007 708 Anti,
1031 644 1079 698 sed
1109 644 1164 698 duo
1187 644 1277 712 Augi.
1315 643 1379 698 Tac.
1400 645 1425 711 9,
1452 644 1467 696 1
1497 642 1551 696 Ita
1579 644 1640 697 mihi

921 717 1014 785 liceat,
1042 733 1069 784 p.
1098 733 1131 783 c.,
1157 715 1305 785 imperium
1333 714 1384 769 sic
1407 731 1546 782 regere,
1569 718 1640 769 uta

921 789 1001 842 vobis
1019 805 1065 842 me
1083 790 1194 841 constet
1212 787 1340 850 electum,
1353 791 1390 839 ut
1406 803 1462 855 ego
1476 816 1509 853 ,-
1524 786 1640 840 decrevi.

922 858 975 913 Gd.
994 860 1037 925 21,
1062 859 1079 912 5
1102 859 1202 913 Gdum
1224 859 1363 913 seniorem
1386 857 1508 927 Augusti
1536 857 1640 911 vultum

921 930 960 985 sie
980 930 1045 998 (sibi
1063 930 1133 1001 cod.)
1152 932 1390 998 repraesentasse,
1409 935 1442 982 nt
1456 932 1488 982 et
1499 945 1599 983 vocem
1613 960 1640 970 -

921 1005 951 1056 et
963 1005 1102 1056 staturam
1114 1001 1240 1055 eiusdem
1252 1004 1396 1056 ostentare
1409 1000 1566 1054 videretur.
1588 999 1640 1056 vu.

920 1074 945 1142 6,
965 1073 982 1126 9
1001 1074 1045 1128 cui
1064 1076 1192 1142 tempora
1214 1091 1235 1126 s.
1258 1075 1426 1141 repugnent,
1445 1073 1480 1125 nt
1498 1088 1641 1126 censuram

920 1144 1064 1199 hominum
1091 1149 1194 1198 natura
1220 1160 1276 1197 non
1304 1147 1429 1212 quaerat
1468 1143 1533 1197 Hel.
1562 1143 1641 1211 327

920 1215 1079 1270 ridebat-
1094 1233 1116 1270 s.
1132 1232 1292 1283 nonnumq,
1305 1219 1336 1268 ut
1349 1215 1464 1284 publice
1483 1215 1513 1268 iu
1533 1215 1643 1270 theatro

920 1287 996 1341 solus
1014 1287 1168 1342 audiretur.
1204 1287 1230 1340 Η
1251 1286 1292 1348 16,
1311 1286 1327 1338 7
1347 1287 1492 1339 mathesin
1511 1303 1535 1339 s.
1555 1287 1641 1341 scire

921 1359 974 1412 sihi
999 1359 1074 1412 visus
1098 1361 1149 1422 est,
1172 1362 1204 1411 ut
1227 1362 1302 1412 'sero
1322 1358 1376 1411 lsai.
1395 1357 1537 1412 ianuariis
1560 1359 1642 1427 scrip-

921 1430 998 1492 serit,
1030 1430 1096 1498 quid
1128 1430 1153 1483 ei
1184 1431 1245 1484 toto
1278 1446 1350 1482 enno
1386 1434 1487 1498 posset
1523 1430 1642 1483 evenire.

921 1501 965 1554 AS
983 1502 1027 1564 21,
1047 1501 1063 1555 6
1082 1501 1187 1554 Milites
1205 1518 1269 1555 suos
1288 1519 1309 1555 s.
1328 1501 1433 1569 ubique
1454 1500 1549 1563 scivit,
1568 1502 1641 1554 utin

922 1572 1049 1626 cubiculo
1067 1572 1188 1627 haberet
1205 1573 1306 1626 breves
1325 1592 1372 1638 -—;
1391 1571 1468 1633 35,6
1486 1588 1512 1625 o.
1526 1587 1548 1626 s.
1563 1577 1599 1635 5).
1612 1605 1642 1613 -

920 1646 947 1708 t)
968 1643 1077 1709 Τ18,4
1096 1643 1172 1698 Valo
1191 1644 1239 1698 sic
1259 1647 1420 1713 acceptus
1433 1643 1524 1711 (fuit),
1538 1647 1642 1697 uteurn

922 1746 956 1756 -
975 1715 1028 1770 hoc
1046 1715 1207 1769 testimonio
1230 1719 1394 1784 prosecutus
1420 1715 1471 1770 sit:
1499 1714 1549 1767 Pr.
1570 1715 1641 1781 16,1

920 1786 1020 1840 Retias
1039 1804 1060 1842 s.
1080 1790 1196 1855 pacatae
1219 1786 1347 1854 reliquid,
1371 1789 1405 1838 ut
1421 1786 1480 1839 illic
1499 1803 1539 1839 ne
1559 1787 1643 1856 suspi-

921 1858 1028 1913 tionem
1056 1857 1170 1926 quidsm
1200 1859 1282 1911 ullius
1313 1858 1430 1911 terroris
1462 1857 1641 1926 relinqueret.

922 1927 983 1982 Car.
996 1929 1049 1995 4,1
1073 1928 1136 1983 Cari
1155 1931 1248 1999 patria
1266 1929 1314 1983 sic
1333 1929 1492 1996 ambigue
1513 1945 1532 1983 a
1551 1930 1643 1999 pleris-

922 2017 976 2069 que
995 2000 1126 2064 traditur,
1146 2005 1177 2053 ut
1195 2032 1230 2041 —-
1249 2001 1341 2055 dicere
1360 2017 1502 2068 nequeam
1522 2031 1569 2053 -.

958 2072 985 2139 7)
1004 2072 1063 2125 Ael.
1076 2071 1101 2137 3,
1115 2072 1132 2124 9
1151 2072 1237 2126 inisse
1249 2103 1284 2111 -
1296 2070 1380 2124 Hum
1393 2072 1519 2141 peritum
1538 2073 1643 2126 mathe-

922 2161 983 2197 seos
1003 2142 1108 2197 Marius
1127 2144 1264 2197 Maximus
1287 2160 1377 2212 usque
1401 2160 1435 2197 eo
1458 2143 1643 2198 demonstrat

921 2218 954 2267 ut
981 2232 1045 2268 eum
1069 2213 1144 2268 dicat
1171 2219 1273 2268 cuncta
1299 2215 1335 2268 de
1359 2232 1389 2268 se
1412 2214 1509 2282 scisse,
1540 2215 1589 2268 sic
1611 2224 1643 2267 ut

922 2286 1046 2340 omnium
1065 2285 1173 2340 dierum
1201 2318 1234 2326 -
1263 2286 1372 2340 iutnros
1395 2289 1477 2340 actus
1497 2290 1568 2340 ante
1586 2303 1644 2355 per·

922 2357 1074 2427 scripserit.
1110 2356 1171 2411 Hel.
1190 2358 1233 2420 21,
1253 2358 1270 2411 5
1293 2358 1434 2427 oppressit
1452 2389 1488 2398 —
1508 2358 1642 2427 parasitos

923 2446 987 2483 suos
1012 2429 1092 2483 violis
1120 2433 1149 2483 et
1171 2429 1296 2495 floribus,
1320 2448 1341 2483 s.
1365 2431 1398 2481 ut
1416 2429 1544 2482 animam
1563 2429 1642 2497 aliqui

922 2500 1089 2554 efflaverint.

958 2571 1072 2625 Restant
1098 2572 1151 2625 loci
1177 2571 1299 2625 ῑαθιθιοθί
1326 2571 1397 2625 Gall.
1427 2573 1452 2637 1,
1477 2573 1492 2625 1
1519 2574 1552 2624 et
1569 2570 1594 2624 3.
1613 2601 1641 2611 -

923 2641 962 2696 cl.
982 2643 1007 2708 2,
1026 2643 1044 2693 5
1062 2647 1094 2696 ιιι
1112 2642 1218 2695 ΤιιΙΙίιιθ
1237 2643 1272 2697 de
1285 2641 1414 2711 Scipione
1433 2642 1495 2713 [sicl
1517 2643 1641 2710 loquitur.

957 2712 1118 2770 siccare.
1146 2714 1191 2767 Pr.
1204 2714 1257 2783 9,4
1270 2715 1386 2782 paludes
1399 2715 1554 2783 plerasque
1566 2714 1642 2774 -aviu

922 2785 966 2851 21,
986 2785 1003 2837 2
1026 2786 1063 2839 ad
1086 2785 1201 2839 -andam
1229 2785 1368 2854 quandam
1395 2786 1533 2854 paludem
1561 2786 1644 2838 multa

922 2856 1005 2911 simul
1024 2857 1101 2911 milia
1119 2857 1241 2910 militum
1263 2857 1358 2925 posuit
1375 2857 1527 2925 ingentem
1545 2873 1642 2925 parans

149 2931 227 2981 atum
249 2927 346 2998 populi
369 2928 449 2982 Rom.
473 2947 493 2982 s.
518 2928 633 2991 adiuvit,
656 2930 687 2980 ut
710 2958 746 2967 -
773 2932 868 2996 empta
921 2927 1034 2992 fossam,
1054 2945 1109 2996 qua
1136 2959 1171 2968 -
1199 2928 1260 2983 loca
1279 2927 1477 2982 Sirmiensibus
1496 2927 1642 2997 profutura

148 3000 310 3067 (frumenta)
330 3000 365 3053 de
384 2999 497 3068 propris
514 2999 633 3068 pecunia
656 3027 689 3037 -
709 3006 867 3067 reponeret.
922 3002 1004 3053 aret.

148 3070 288 3140 Tiasa
301 3087 321 3124 s.
335 3072 375 3141 2).
390 3071 436 3123 ΑΡ
449 3070 741 3139 3‚2proconsulatnm
753 3070 833 3124 Asiae
846 3087 867 3122 s.
957 3069 1095 3126 siccus.
1133 3069 1641 3139 AP13,2eeuexatiam,antequam

149 3145 217 3211 egit,
236 3142 356 3196 ntsolus
369 3159 452 3195 avum
465 3141 599 3196 vinceret.
632 3140 714 3205 1120,
728 3141 762 3192 12
775 3141 868 3209 Equos
922 3142 1090 3196 salutatores
1109 3142 1246 3205 venirent,
1265 3158 1367 3210 panem
1386 3159 1447 3194 -um
1466 3142 1594 3196 comedit
1610 3142 1641 3195 ad

149 3217 177 3267 et
200 3230 284 3268 canes
307 3231 328 3266 s.
352 3213 465 3280 amavit,
488 3213 579 3267 uteie
598 3213 747 3282 sepulchra
766 3213 868 3266 consti·
921 3214 1121 3267 sustentandae
1144 3213 1226 3268 vires.
1263 3213 1328 3266 Tac.
1357 3214 1400 3280 11,
1424 3213 1442 3266 3
1469 3229 1576 3281 panem
1594 3213 1641 3266 nisi

148 3286 249 3338 tuerat.
286 3284 322 3348 ef.
345 3284 404 3338 Hel.
424 3284 450 3346 6,
469 3285 494 3338 5.
532 3289 555 3340 A
580 3284 623 3353 39,
643 3285 660 3336 2
679 3284 869 3339 murosurbis
921 3303 981 3338 -um
1004 3303 1098 3353 numq.
1123 3285 1247 3339 comedit
1270 3285 1448 3352 eundemque
1471 3284 1535 3337 sale
1563 3287 1642 3352 atque

149 3357 254 3410 Romae
273 3374 293 3409 s.
313 3356 468 3424 ampliavit,
487 3359 519 3409 ut
536 3386 579 3412 -.
615 3355 659 3408 AS
672 3355 743 3423 23,1
766 3354 869 3409 Causae
922 3356 981 3409 ahie
1000 3357 1085 3410 rebus
1104 3355 1257 3410 conditum.
1295 3356 1367 3409 Max.
1389 3355 1462 3420 13,5
1482 3357 1640 3409 consulares

147 3428 267 3481 miiitum
285 3430 385 3481 contra
397 3427 525 3480 tribunos
544 3445 565 3480 s.
579 3426 695 3494 audivit,
714 3428 747 3479 ut
760 3458 802 3479 —.
821 3425 868 3480 AO
921 3428 995 3481 viros
1019 3431 1048 3481 et
1072 3428 1157 3481 duces
1180 3429 1283 3480 multos
1305 3427 1493 3491 interimeret,
1522 3426 1594 3481 alios
1610 3427 1641 3478 ·is

148 3499 173 3561 8,
187 3500 204 3552 2
217 3498 279 3552 Non
292 3515 313 3552 s.
327 3500 395 3552 deos
414 3498 579 3553 coluimus
597 3515 650 3553 nec
669 3517 690 3551 s.
709 3498 867 3562 vivimus,
922 3499 1028 3552 vehelis
1047 3499 1193 3552 exhiberet
1210 3503 1244 3565 (o.
1258 3499 1363 3569 Salui,
1382 3499 1452 3552 alios
1472 3499 1503 3551 in
1523 3498 1642 3553 custodia

148 3576 180 3623 ut
197 3570 243 3624 ille
262 3587 312 3624 nos
331 3570 495 3624 vinceret.
533 3568 588 3623 OM
612 3571 655 3634 11,
674 3571 691 3621 4
713 3585 751 3623 os.
775 3569 868 3638 inpius
922 3570 1071 3624 detineret.

149 3654 176 3694 at
193 3641 262 3696 felix
281 3659 303 3696 s.
322 3641 404 3695 simul
422 3658 483 3695 esee
496 3641 581 3709 cupit,
595 3643 628 3694 nt
639 3641 712 3695 nolit
724 3641 785 3709 pius
798 3658 867 3695 sse.
957 3639 1104 3697 sidere?
1140 3641 1167 3693 H
1189 3642 1232 3702 23,
1251 3640 1276 3693 6.
1314 3641 1332 3695 S
1362 3641 1386 3706 1,
1408 3640 1435 3693 9.
1474 3640 1538 3694 Hel.
1563 3642 1601 3709 11,
1618 3641 1640 3692 2.

149 3713 171 3765 ll
193 3713 248 3777 1,5
266 3712 380 3781 ingenio
399 3713 458 3767 eins
477 3730 497 3766 s.
518 3713 555 3765 ad
574 3729 608 3765 ea
627 3712 741 3779 (studia)
761 3712 868 3767 decli·
921 3712 994 3767 Max.
1013 3711 1094 3779 30,’6
1112 3729 1136 3765 v.
1154 3729 1176 3766 s.
1196 3712 1302 3765 sedere.

148 3787 265 3848 nante,
292 3787 325 3838 ιιι
347 3801 364 3838 a
385 3783 526 3837 nonnullis
546 3782 698 3838 Graeculus
719 3784 866 3838 diceretur.
956 3782 1146 3839 sidereus.
1183 3783 1237 3840 Dd.
1251 3782 1306 3845 33
1325 3783 1405 3850 qnasi
1424 3799 1446 3836 s.
1466 3787 1497 3836 et
1516 3783 1641 3838 caelestis

149 3855 189 3908 Ol.
210 3855 251 3920 18,
270 3856 288 3907 4
309 3872 333 3908 o.
352 3872 374 3909 s.
398 3860 461 3921 3a).
498 3854 541 3908 AS
564 3855 643 3922 47,1
669 3855 773 3908 Milites
794 3886 824 3894 -
845 3874 866 3910 s.
922 3856 1043 3908 emicuit.

149 3927 294 3996 disposuit,
314 3928 346 3979 ut
364 3958 407 3980 -.
445 3926 868 3990 Max.1'i,1s.exarsit.ut
957 3924 1078 3981 sidus.
1115 3923 1176 3979 Gar.
1198 3925 1226 3986 8,
1249 3926 1267 3979 5
1293 3925 1523 3979 coruscationum
1551 3956 1586 3966 —
1611 3942 1639 3978 ac

149 4015 203 4052 nou
222 3998 371 4066 hominem,
385 3999 435 4051 sed
446 3998 558 4052 beluam
569 4001 697 4066 putarem
716 3996 790 4056 362
809 3998 867 4051 lan·
921 3998 1075 4051 tonitruum
1094 3997 1122 4049 in
1141 3998 1255 4050 modum
1273 3995 1417 4064 fulgurum
1429 3996 1516 4066 igniti
1534 3997 1570 4052 -is
1581 4015 1638 4052 oon·

149 4070 227 4124 ceola
250 4087 271 4122 s.
295 4069 380 4122 fissa
405 4072 449 4122 eet
471 4068 596 4134 fulmine,
616 4072 647 4122 ut
665 4100 709 4122 —.
746 4068 786 4126 ci.
806 4069 867 4131 2,3
920 4069 1031 4123 tinuata
1049 4069 1171 4122 vibratio
1195 4068 1274 4138 (iulg.
1297 4068 1347 4122 del.
1368 4066 1467 4137 Metu).
1506 4066 1548 4123 01.
1568 4067 1639 4129 123

147 4142 176 4193 in
195 4158 251 4209 quo
263 4140 378 4193 Traiani
397 4140 486 4194 virtus
504 4170 539 4180 -
558 4142 588 4193 et
606 4157 771 4209 magnorum
791 4141 867 4209 prin-
921 4158 975 4210 quo
1003 4141 1039 4194 ad
1066 4140 1134 4194 deos
1162 4143 1246 4208 atque
1274 4140 1310 4193 ad
1338 4156 1367 4192 -a
1395 4139 1576 4208 demigrante
1600 4168 1640 4192 ·-.

149 4211 241 4280 cipum
259 4212 333 4265 bona
351 4229 372 4264 s.
390 4212 538 4272 fuerunt,
557 4214 590 4265 ut
608 4243 650 4264 -.
687 4211 867 4282 P13,1lm-
921 4213 975 4279 (AS
995 4213 1037 4274 14,
1056 4211 1074 4263 5
1092 4227 1125 4264 cc
1146 4211 1223 4280 Verq.
1242 4210 1388 4280 surgentia
1405 4227 1436 4264 -a
1455 4211 1575 4280 dicent).

148 4282 257 4351 perium
293 4314 328 4322 -
365 4301 386 4336 s.
417 4283 567 4349 horruit,
599 4286 631 4335 ut
667 4283 720 4336 sibi
756 4300 868 4352 semper
956 4280 1164 4353 sigillaria.
1202 4281 1246 4337 (lc.
1267 4283 1327 4343 1,8
1349 4283 1424 4350 qnod
1444 4284 1640 4351 aparentibus

149 4354 311 4408 ostenderet
330 4354 485 4422 displicere.
523 4352 585 4410 Gar.
599 4355 674 4418 13,5
692 4355 791 4408 comici
810 4356 866 4425 ple·
921 4355 1013 4425 gratia
1031 4372 1122 4408 -ornm
1142 4356 1299 4424 acceperat,
1317 4353 1347 4407 id
1365 4355 1409 4407 vel
1429 4353 1583 4408 clientibus
1600 4354 1639 4407 vei

150 4443 265 4494 rumque
284 4444 304 4478 s.
324 4426 427 4480 milites
446 4425 624 4491 inducunt,
645 4428 676 4478 ut
695 4442 742 4480 eos
760 4425 867 4481 faciant
921 4425 1062 4495 magistris
1081 4431 1183 4495 sponte
1201 4424 1326 4480 donavit.

149 4500 246 4550 vetera
275 4497 351 4550 dicta
378 4513 526 4565 usurpare;
550 4497 576 4564 3,
601 4496 616 4550 7
640 4503 681 4551 ter
700 4515 720 4550 s.
741 4497 815 4551 enim
834 4498 866 4550 A.
957 4495 1245 4567 sigillaricium.
1283 4499 1311 4565 1)
1339 4497 1364 4549 A
1391 4495 1435 4562 50,
1461 4495 1479 4547 2
1508 4496 1589 4551 uxori
1614 4501 1639 4549 et

149 4569 255 4623 occisus
274 4571 325 4634 est,
345 4587 366 4622 s.
386 4568 451 4622 Tac.
470 4568 643 4638 absumptus.
662 4586 683 4621 s.
696 4569 741 4623 Pr.
761 4586 867 4637 caesus,
921 4570 993 4624 filiae
1012 4585 1135 4621 aunuum
1158 4587 1179 4621 s.
1199 4568 1277 4636 qnasi
1300 4568 1427 4636 privatus
1451 4567 1587 4621 instituit.
1609 4597 1636 4607 -

149 4643 181 4693 ut
208 4643 344 4709 appareat
372 4671 413 4692 -.
451 4638 474 4691 T
502 4640 527 4707 6,
552 4639 567 4691 7
596 4640 647 4694 sed
675 4640 768 4693 omnia
798 4641 867 4696 haec
921 4642 949 4703 2)
968 4639 1081 4704 Η17,3
1099 4639 1278 4693 saturnalicia
1296 4642 1325 4693 et
1342 4655 1373 4691 -a
1391 4637 1561 4707 frequenter
1577 4638 1638 4693 ami·

148 4711 235 4765 libido
253 4743 289 4750 —
307 4729 328 4765 s.
347 4710 516 4780 perdidit,
540 4714 572 4764 ut
590 4729 672 4764 nemo
691 4711 794 4764 audeat
812 4712 867 4765 vir·
921 4714 960 4767 cie
979 4711 1189 4780 inopinantibus
1207 4711 1284 4764 misit
1303 4713 1332 4764 et
1349 4710 1409 4779 ipse
1435 4711 1471 4764 ab
1490 4711 1538 4765 his
1556 4710 1639 4765 libeu-

148 4786 225 4837 tutes
244 4783 303 4835 eius
322 4782 350 4836 in
370 4782 480 4835 litteras
498 4783 625 4842 mittere;
644 4781 687 4848 33,
700 4782 718 4834 8
730 4800 751 4835 s.
771 4800 866 4851 perur-
921 4787 965 4838 ter
983 4800 1049 4838 acce
1070 4783 1093 4836 it
1111 4784 1141 4836 et
1159 4781 1214 4837 alia
1231 4783 1351 4836 invicem
1371 4781 1460 4835 dedit.

149 4871 225 4921 guae,
243 4859 276 4907 ut
295 4854 450 4922 respirandi
474 4870 529 4906 non
548 4853 668 4907 habeam
692 4854 866 4908 facultatem.
956 4801 1133 4924 sigillata
1150 4853 1274 4909 tentoria
1292 4852 1401 4922 Τ16,1
1418 4852 1548 4921 (sigiiatn
1565 4852 1638 4907 coda.

150 4925 201 4977 ΜΒ
222 4925 264 4990 17,
284 4925 300 4976 6
319 4941 403 4993 quam
422 4925 533 4994 (vitam)
560 4957 596 4964 -
624 4924 776 4978 sceleratus
796 4927 867 4981 latro
956 4924 1144 4995 sigillum.
1182 4924 1235 4978 Gd.
1253 4924 1297 4986 32,
1316 4924 1334 4977 6
1351 4923 1485 4979 brevibus
1508 4923 1638 4979 columnis

149 5015 169 5049 s.
198 4997 282 5064 petit,
311 5000 343 5049 ut
370 5013 400 5050 se
428 4997 518 5049 ordini
546 4995 728 5066 profiteretur
755 4997 866 5052 iratum.
922 4999 1087 5050 altrinsecus
1106 4996 1205 5065 positis
1225 4998 1254 5050 et
1271 4996 1307 5048 -is
1325 5012 1377 5064 per
1394 4995 1483 5065 pedes
1503 4996 1587 5049 mille.

148 5068 208 5120 Ael.
227 5069 252 5138 5,
272 5067 304 5119 13
325 5084 440 5136 quorum
463 5067 545 5121 fastis
568 5067 758 5121 consularibus
777 5087 798 5122 s.
818 5087 867 5123 no·
956 5067 1082 5138 sigma
1101 5068 1146 5122 vel
1165 5065 1318 5123 simma.
1353 5067 1416 5120 Hel.
1436 5066 1481 5130 25,
1500 5067 1520 5120 3
1539 5067 1639 5136 primus

148 5138 224 5191 mina
250 5139 488 5208 praescribuntur,
516 5143 548 5192 ut
576 5139 706 5193 dicantur
731 5157 788 5193 non
812 5140 867 5194 dno
923 5139 1082 5194 -invenit
1105 5139 1206 5193 simma
1228 5139 1257 5192 in
1280 5147 1357 5193 terra
1375 5142 1514 5208 sternere,
1535 5155 1590 5193 non
1612 5138 1637 5189 in
