3600 5834
716 1514 1125 1664 Praefatio

276 1912 487 1999 Scriptorum
511 1915 566 1999 qui
583 1924 743 1977 vocantur
766 1914 922 1977 historiae
938 1913 1111 1998 Augustae
1135 1912 1266 1977 lexicon
1290 1935 1310 1976 a
1333 1911 1441 1976 multis
1466 1915 1544 1976 viris
1562 1913 1667 1977 doctis

150 2021 397 2084 desideratum
427 2030 487 2102 est,
524 2019 776 2084 aMommseno
804 2019 1001 2104 flagitatum3
1036 2042 1100 2107 quo
1137 2022 1169 2082 in
1206 2043 1306 2106 opere
1342 2019 1546 2084 conficiendo
1583 2043 1665 2106 quas

149 2140 303 2191 secutus
330 2129 392 2190 sim
416 2129 570 2204 rationes,
595 2128 710 2213 paucis
736 2149 907 2213 exponam.

273 2235 319 2298 H.
344 2235 451 2311 Peter,
482 2236 574 2299 cuius
599 2234 776 2298 editionem
801 2233 936 2299 alteram
966 2236 1136 2319 sequimur
1159 2234 1287 2317 ducem,
1317 2235 1349 2299 in
1375 2233 1486 2297 verbis
1510 2235 1666 2297 constitu·

147 2343 262 2406 endis
288 2341 354 2406 hac
378 2364 458 2406 usus
483 2352 534 2405 est
556 2343 692 2421 ratione,
716 2350 753 2404 ut
777 2341 946 2406 codicibus
970 2341 1211 2425 Bambergensi
1237 2352 1268 2404 et
1291 2339 1448 2426 Palatino,
1476 2363 1558 2425 quos
1583 2362 1665 2404 unos

147 2451 315 2513 omnium
340 2447 544 2514 adhibendos
569 2469 644 2512 esse
669 2450 850 2526 statuisset,
879 2450 913 2513 in
936 2448 1103 2535 plerisque
1128 2448 1228 2512 rebus
1252 2448 1389 2512 eandem
1413 2448 1483 2511 fere
1507 2446 1666 2511 tribueret

147 2559 408 2637 auctoritatem,
448 2557 481 2620 in
519 2554 684 2620 nonnullis
720 2555 898 2619 anteferret
936 2555 1026 2620 illum
1066 2566 1101 2618 ut
1136 2558 1356 2619 vetustioremv
1416 2555 1460 2618 At
1494 2556 1666 2618 renovavit
1756 2632 1760 2640 ἢ

148 2663 354 2727 Mommsen
389 2665 585 2727 sententiam
621 2672 717 2726 antea
751 2664 816 2725 iam
853 2661 1011 2747 prolatam
1048 2662 1093 2746 (v.
1122 2662 1231 2726 Peteri
1267 2662 1368 2748 praef.
1406 2685 1436 2747 p.
1468 2661 1551 2724 VIlI
1588 2661 1665 2745 sq),

150 2771 373 2855 descriptum
404 2790 480 2832 esse
509 2769 580 2834 cod.
602 2769 717 2834 Bamb.
744 2791 786 2832 ex
809 2767 887 2848 Pal,
918 2769 1121 2854 eandemque
1151 2770 1193 2832 H.
1218 2771 1352 2833 Dessau
1381 2779 1520 2854 utroque
1549 2767 1665 2831 codice

151 2878 277 2942 denuo
304 2875 433 2940 conlato
465 2877 658 2940 certissimis
689 2875 847 2941 stabilivit
877 2879 1088 2960 argumentis.
1140 2875 1256 2962 Itaque
1286 2877 1439 2961 quoniam
1469 2884 1598 2939 constat
1622 2911 1665 2920 -

152 2985 338 3049 concessit
363 2986 460 3047 etiam
489 2984 601 3065 Peter3
638 3007 666 3049 r.
691 2982 778 3047 Berl.
808 2982 923 3047 Philol.
949 2982 1189 3047 Wochensohr.
1222 2984 1304 3047 1897
1335 3006 1366 3067 p.
1392 2982 1457 3046 814
1485 3019 1528 3028 —
1564 3002 1664 3045 unum

149 3094 290 3156 fontem
315 3094 493 3175 genuinum
518 3113 593 3154 esse
618 3091 690 3155 cod.
708 3092 754 3170 P„
780 3090 823 3154 ad
847 3092 918 3154 eius
936 3091 1059 3175 primae
1085 3113 1202 3153 manus
1226 3088 1384 3153 lectiones
1402 3089 1664 3174 quamproxime

153 3201 281 3263 censui
320 3197 558 3276 accedendum
596 3200 629 3262 iu
658 3222 722 3284 quo
754 3201 887 3284 egregie
922 3200 1052 3263 adiutus
1084 3223 1156 3263 snm
1187 3200 1332 3262 Dessaui
1367 3196 1570 3274 liberalitate,
1610 3198 1664 3281 qui

155 3305 377 3370 collationem
403 3302 530 3368 illorum
556 3303 707 3368 codicum
731 3308 1011 3370 accuratissimam
1041 3306 1119 3369 mihi
1143 3306 1275 3369 tradidit
1302 3304 1542 3391 inspiciendam
1565 3313 1664 3388 atque

159 3417 195 3477 in
224 3434 335 3474 meam
360 3433 429 3474 rem
455 3412 720 3477 convertendam.
769 3411 852 3477 Sunt
874 3423 981 3477 autem
1007 3415 1131 3498 primae
1156 3414 1266 3476 manui
1291 3412 1363 3476 cod.
1388 3413 1414 3474 P
1435 3411 1663 3475 attribuendae

157 3543 229 3584 non
257 3517 365 3582 solum
390 3539 449 3581 eae
471 3516 642 3602 lectiones,
667 3541 749 3603 quas
767 3521 863 3584 Peter
879 3523 1003 3584 notavit
1019 3522 1112 3604 signo
1138 3521 1192 3592 ΡΙ,
1219 3520 1277 3584 sed
1303 3518 1422 3582 multae
1448 3520 1554 3597 etiam,
1581 3539 1663 3601 quas

159 3625 337 3691 secundae
365 3647 483 3689 manus
506 3625 580 3708 (P2l
617 3648 691 3690 esse
728 3628 939 3707 existimavit;
976 3628 1085 3690 omisit
1120 3629 1207 3690 enim
1237 3627 1438 3709 distinguere
1473 3647 1529 3688 eos
1559 3622 1662 3703 locos,

158 3733 288 3818 quibus
313 3734 385 3817 ipse
411 3730 535 3795 codicis
560 3734 701 3819 scriptor
725 3744 832 3797 errata
860 3736 994 3818 agnovit
1022 3745 1121 3819 atque
1150 3744 1206 3797 ant
1234 3735 1341 3796 statim
1370 3743 1426 3795 aut
1454 3728 1563 3817 paullo
1589 3739 1665 3815 post

160 3840 320 3905 correxit.
367 3837 563 3902 Mommseni
598 3841 696 3924 igitur
731 3851 762 3904 et
796 3840 942 3903 Dessaui
978 3841 1129 3927 exemplo
1166 3839 1347 3925 designabo
1383 3848 1459 3902 nota
1488 3839 1535 3901 P²
1561 3848 1593 3902 et
1616 3838 1666 3899 B*²

160 3948 326 4011 lectiones
350 3947 476 4030 primae
499 3968 615 4009 manus
638 3946 826 4023 mendosas,
852 3945 894 4009 Pb
911 3959 943 4010 et
959 3944 1008 4009 Bb
1025 3948 1140 4011 eadem
1165 3971 1263 4011 manu
1287 3957 1462 4010 correctas.
1511 3945 1664 4009 Ceterum

160 4056 262 4118 Peter
275 4055 309 4117 in
321 4054 428 4133 tertia,
443 4075 540 4138 quam
553 4054 713 4138 promisit,
724 4052 866 4116 editione
880 4052 980 4117 multo
995 4057 1099 4138 magis
1113 4054 1249 4118 mutabit
1261 4054 1502 4117 adnotationem
1517 4053 1664 4114 criticam

153 4183 264 4247 quarn
291 4162 398 4245 ipsum
423 4169 558 4242 textum,
583 4170 756 4245 propterea
780 4160 867 4245 quod
892 4160 1041 4224 codexP
1065 4159 1164 4224 multo
1190 4163 1286 4224 etiam
1311 4160 1447 4224 similior
1471 4169 1521 4222 est
1545 4157 1663 4221 codss

161 4290 265 4353 quarn
292 4275 390 4330 antea
417 4265 604 4352 putabatur.
650 4267 765 4351 Neque
797 4279 906 4330 tamen
931 4267 1061 4349 desunt,
1092 4291 1175 4354 quac
1201 4268 1396 4352 corrigenda
1425 4270 1490 4330 sint
1517 4264 1664 4328 adhibita

161 4376 312 4440 Dessaui
349 4370 531 4452 collatione,
568 4382 666 4458 atque
702 4375 735 4436 in
764 4374 1025 4460 orthographicis
1062 4375 1162 4438 rebus
1187 4377 1284 4438 Peter
1319 4397 1384 4439 non
1420 4377 1464 4437 ito
1498 4395 1571 4436 raro
1608 4381 1665 4434 aut

156 4482 312 4567 neglexit
328 4479 479 4543 codicum
505 4482 732 4544 auctoritatem
747 4491 804 4544 out
828 4483 944 4546 iniuria
960 4481 1114 4567 praetulit
1131 4482 1201 4546 cod.
1222 4485 1257 4546 B.
1306 4482 1403 4562 Quod
1422 4483 1520 4565 igitur
1536 4484 1664 4543 textum

158 4609 412 4672 nonnumquam
441 4585 616 4651 emendare
641 4590 742 4674 potui,
768 4588 801 4652 id
825 4612 943 4673 magna
974 4613 1014 4652 ex
1046 4599 1138 4674 parte
1165 4591 1309 4653 Dessaui
1340 4601 1391 4652 ost
1414 4590 1576 4665 meritum,
1611 4586 1664 4648 cni

155 4700 230 4762 viro
257 4705 292 4759 et
316 4693 510 4758 doctissimo
535 4703 567 4757 et
591 4693 828 4758 humanissimo
853 4717 1005 4778 magnam
1037 4718 1088 4758 me
1113 4697 1251 4779 gratiam
1281 4707 1313 4758 et
1337 4694 1458 4758 dobere
1483 4705 1515 4755 et
1539 4691 1663 4755 habere

154 4803 384 4871 libentissime
407 4800 571 4886 profiteor.
619 4802 795 4864 Praeterea
830 4813 938 4865 autem
974 4801 1125 4865 omnibns
1163 4804 1210 4866 eis
1246 4801 1338 4877 locis,
1376 4800 1495 4886 quibus
1532 4819 1663 4862 errasse

151 4912 325 4976 editorem
350 4909 583 4983 existimarem,
620 4929 896 4971 commemorasse
931 4931 984 4971 mc
1014 4922 1271 4972 consentaneum
1301 4920 1360 4988 cst,
1397 4930 1480 4992 qnae
1519 4906 1559 4969 ab
1589 4904 1663 4969 aliis

150 5021 236 5083 viris
268 5016 379 5080 doctis
412 5015 534 5078 rectius
563 5024 619 5078 aut
642 5017 714 5078 veri
743 5014 881 5078 similius
914 5013 1042 5101 prolata
1066 5016 1264 5080 viderentur.
1314 5016 1466 5078 Virorum
1496 5017 1529 5077 in
1553 5033 1663 5076 emen·

145 5125 278 5193 dandis
309 5121 364 5186 bis
395 5121 610 5207 scriptoribus
639 5123 759 5207 optime
788 5124 978 5185 meritorum
1008 5124 1216 5214 coniecturas
1245 5144 1359 5185 omnes
1388 5122 1457 5185 fere
1487 5122 1660 5207 adscripsi.
