3600 5834
787 503 853 554 que

69 649 111 702 'hi
130 648 226 717 aliique
248 647 392 716 (Hariique
408 647 515 702 Petecb.
529 646 656 713 111349)
671 664 733 700 curn
744 683 786 700 .-

70 719 161 781 Aca
181 720 248 772 3ut
266 719 393 788 stipitem
417 719 554 788 grandem
574 722 745 786 poneret—
763 724 789 773 ct

70 793 219 845 damnatos
237 790 340 858 ligaret
358 796 427 844 et-
428 789 548 843 -focum
572 790 754 858 adponeret
746 808 789 842 ιιι-

69 863 213 930 censisquc
239 862 301 915 aliie
329 861 397 915 alios
424 861 559 915 fumo-
584 865 706 914 necaret.
744 860 787 913 AS

68 934 112 998 48,
134 933 149 985 7
170 938 200 986 et
218 932 370 1002 Septimius
394 936 423 986 et
441 932 573 986 Acholius
592 935 621 985 et
638 931 788 1001 Encolpius

70 1035 100 1044 -
132 1003 276 1072 ceterique
304 1003 339 1056 de
366 1003 420 1056 hoc
448 1003 517 1056 talia
544 1003 787 1072 praedicaverunt.

68 1075 122 1128 ΜΒ
149 1075 231 1143 17,2
260 1074 333 1128 Iovis
362 1074 393 1128 Ο.
417 1075 454 1129 Μ.
479 1077 508 1128 et
538 1074 652 1127 deorum
675 1074 787 1128 inmort.

67 1150 240 1215 senatusque
268 1146 371 1199 iudicio
396 1150 425 1199 et
443 1162 581 1199 consensu
604 1145 715 1214 generis
737 1145 789 1198 hu·

68 1218 153 1273 mani.
191 1217 251 1271 llel.
271 1215 332 1283 3,3
357 1217 451 1269 fausta
479 1217 508 1270 in
532 1218 646 1269 Antum
671 1219 700 1270 et
728 1216 789 1269 dira

68 1290 97 1342 in
117 1289 273 1343 Macrinum
293 1289 407 1356 eiusque
424 1288 511 1341 filium
533 1287 607 1341 dicta
626 1305 647 1342 s.
667 1289 788 1356 appella-

67 1366 170 1429 tusque
194 1362 260 1413 Ant.
284 1359 415 1427 princeps
443 1359 603 1413 volentibus
626 1360 735 1412 cunctis
760 1361 790 1412 et

67 1432 194 1485 studiosa
228 1431 416 1483 credentibus.
465 1430 487 1482 P
516 1430 577 1493 2,6
605 1429 717 1499 prodita
746 1432 789 1483 cst

67 1502 155 1556 factio
175 1502 268 1570 que
287 1501 353 1569 imp.
378 1532 411 1540 -
440 1501 614 1569 praetorium
633 1519 697 1554 eum
719 1501 790 1554 fecit

67 1583 97 1626 et
116 1573 224 1642 primae
243 1572 347 1639 legioni
365 1572 507 1640 regendae
526 1572 658 1641 inposuit,
678 1573 788 1625 statim-

67 1662 123 1712 que
146 1645 261 1698 Raetias
280 1647 310 1697 et
327 1643 462 1697 Noricum
489 1643 525 1696 ab
549 1643 676 1697 hostibus
698 1644 788 1696 vindi·

66 1717 153 1771 cavit.
190 1715 236 1770 DJ
253 1715 278 1775 3
298 1715 362 1768 3in
387 1718 517 1768 senatum
540 1715 619 1767 venit
640 1717 788 1783 totumque

67 1806 98 1840 se
119 1787 231 1841 senatui
258 1786 387 1854 permisit
414 1787 547 1853 factoque
574 1803 632 1839 sen.
662 1788 788 1839 consulto

66 1859 135 1941 imp
165 1864 209 1911 est
235 1858 395 1926 appellatus
419 1860 449 1910 et
476 1857 580 1909 tribun.
608 1859 787 1925 potestatem,

66 1931 110 1982 ius
136 1946 326 1998 procons-
355 1928 483 1981 emeruit
509 1926 684 1989 (11111136
710 1926 787 1982 Cleo-

67 2002 183 2054 damum
196 2003 225 2054 et
235 2000 456 2053 Athenaonm—
472 1999 661 2053 instaurandis
673 1999 788 2052 urbibus

68 2072 282 2139 muniendisque
317 2070 461 2140 praefecit,
502 2071 714 2139 pugnatumque
745 2073 789 2123 est

67 2144 145 2197 circa
167 2143 297 2207 Pontum,
326 2147 356 2195 et
383 2173 416 2181 -
445 2142 514 2195 victi
537 2159 558 2194 e.
583 2141 703 2194 barbari.
741 2142 787 2194 ΑΡ

69 2214 111 2269 13.
132 2216 148 2266 4
169 2214 270 2266 meruit
282 2219 307 2266 et
326 2213 466 2266 flaminem
485 2219 510 2266 et
529 2214 667 2266 circenses
680 2218 705 2265 ct
718 2243 746 2252 -
764 2219 789 2266 et

67 2317 102 2325 —
123 2285 247 2353 solusque
266 2284 389 2339 omnium
402 2301 490 2353 prope
502 2285 662 2352 principum
674 2301 787 2351 prorsus

72 2358 190 2425 (sine)
214 2356 288 2408 civili
308 2355 444 2424 sanguiue
464 2360 489 2407 et
506 2355 602 2407 hostili
620 2385 654 2395 —
673 2355 745 2407 vixit
764 2361 788 2407 et

65 2428 115 2494 qui
127 2428 183 2481 rite
198 2429 375 2496 comparetur
394 2425 511 2489 Numae,
532 2426 608 2479 cuius
622 2426 788 2480 felicitatem

66 2499 257 2566 pietatemque
287 2504 312 2551 et
342 2501 524 2551 securitatem
556 2497 788 2565 caerimoniasque

68 2587 148 2640 semp
151 2587 181 2623 er
200 2570 381 2623 obtinuit-
350 2572 428 2637 c-)
449 2568 511 2633 (12,
525 2568 542 2620 8
561 2585 625 2622 cum
638 2586 702 2621 eum
715 2568 787 2621 occi·

70 2590 159 2694 disset
182 2657 214 2694 ac
242 2643 446 2694 vereretur-
469 2610 691 2708 audiretque—.
733 2639 786 2691 ΜΒ

67 2712 93 2771 2
113 2712 130 2764 3
149 2729 264 2765 uxorem
283 2728 314 2764 ac
334 2711 437 2764 liberos
457 2712 572 2779 cogitet,
592 2711 681 2764 avitas
700 2711 787 2779 patri·

68 2800 155 2851 nsque
175 2782 311 2836 fortunas.
348 2783 434 2849 Ale,
455 2783 469 2833 1
491 2782 591 2835 llis-
612 2783 657 2835 tot
676 2787 736 2835 act
725 2782 788 2834 tali-

67 2855 120 2907 bus
146 2854 324 2923 praeiudiciis
348 2853 565 2921 muneribusque
583 2853 635 2917 (sic
653 2853 693 2905 Pb
711 2859 729 2905 t.
749 2854 786 2907 Ι).

68 2925 229 2979 muneribus
249 2926 315 2986 Po)
322 2924 376 2977 fult
365 2932 418 2977 t.ns
455 2925 514 2977 Ael.
534 2925 588 2989 4,ΙΙ
572 2924 589 2961 ⁹
608 2941 677 2991 qnos
690 2941 787 2978 versus

67 3014 195 3049 cum—
221 2996 374 3049 cantitaret
402 3001 482 3063 atque
512 2996 624 3048 adesset
652 3013 722 3047 nnus
753 3012 787 3048 er

67 3067 257 3121 litteratis-
275 3068 410 3136 velletque
433 3067 591 3120 addere—
594 3065 705 3120 Tac.
725 3068 750 3127 4,
771 3067 786 3117 7

68 3140 104 3191 de
124 3138 251 3192 cubiculo
271 3141 357 3205 atque
376 3137 501 3190 nmbra‘
494 3155 522 3189 m
546 3136 661 3205 pruinas
680 3142 787 3190 aestus·

67 3228 131 3277 que.
168 3210 213 3262 Pr.
233 3210 258 3277 9,
278 3210 295 3261 4
313 3209 429 3277 paludes
442 3209 590 3277 pleraeque
609 3208 726 3262 siccavit
745 3212 787 3261 at—

67 3299 122 3348 que
141 3281 170 3334 in
189 3280 231 3334 his
251 3284 363 3348 segetes
383 3297 520 3349 agrosque
540 3279 695 3333 constituit.
733 3279 787 3332 Ma

68 3353 112 3415 15,
136 3353 150 3403 1
180 3357 211 3405 ιι1
239 3351 266 3404 in
296 3352 461 3404 circensium
491 3351 651 3419 spectaculo
680 3351 788 3417 legeret

66 3423 232 3490 audiretque
243 3439 276 3476 ac
288 3422 472 3485 suscriberet3
491 3422 516 3487 7,
530 3423 546 3474 5
560 3439 642 3490 quem
657 3421 685 3474 L.
699 3424 786 3475 Aure-

66 3495 135 3547 lium
165 3494 267 3548 Verum
296 3493 375 3547 Cum
406 3493 560 3562 appellavit
588 3492 787 3575 Caesaremque

65 3573 147 3634 atqua
174 3567 332 3647 Augustum
360 3564 438 3620 dixit
477 3563 494 3617 S
519 3565 544 3632 7,
563 3564 580 3615 3
608 3563 718 3633 fuitque
746 3565 787 3617 iu·

65 3655 180 3703 gressus
200 3637 237 3690 Si
262 3637 424 3690 odiosust
395 3640 480 3704 atque
499 3635 643 3689 terribilis
674 3586 705 3688 11(
724 3636 749 3693 3
770 3636 786 3688 5

64 3727 192 3763 e-um
220 3725 308 3776 agnus
336 3713 420 3760 natus
449 3709 586 3759 essot—
614 3706 713 3759 eadem
742 3700 786 3760 die

64 3787 145 3848 utque
168 3780 245 3835 hora
270 3795 380 3846 qua—
391 3778 602 3845 ‚audissetque
624 3778 729 3830 ille—
755 3796 787 3832 ιιι·

65 3853 101 3904 de
130 3868 160 3903 se
188 3850 235 3903 ille
259 3854 445 3918 auguraretur
467 3881 507 3901 —.
541 3881 572 3889 -
602 3849 630 3914 d)
654 3848 678 3900 H
708 3848 786 3915 13,6

64 3923 120 3975 iter
139 3921 208 3974 fecit
226 3928 305 3989 utque
324 3938 409 3988 opera
427 3951 462 3960 -
482 3920 634 3979 dedicavit,
657 3924 691 3973 ut
711 3919 786 3972 Iovis

66 3993 187 4062 Olympii
200 3994 298 4046 aedem
319 3998 343 4045 et
362 4009 440 4045 aram
454 3992 515 4053 sibi,
536 3991 685 4058 eodemque
703 3992 786 4044 modo

64 4082 118 4189 lt
131 4064 300 4188 ’7711ξῖ
309 4062 786 4201 {tildedemittit

122 4178 127 4188 ¹
166 4178 173 4203 1

66 4207 161 4260 omnia
184 4207 296 4260 sordide
317 4212 417 4276 ageret
439 4206 613 4273 inireturque
633 4222 648 4257 a
672 4205 737 4256 viris
758 4208 787 4258 et

65 4279 218 4345 subigeret.
243 4278 285 4332 AS
300 4278 370 4346 57,4
385 4277 539 4331 comitante
553 4287 653 4329 senatu
663 4276 786 4344 equestri

66 4349 166 4403 ordine
198 4351 283 4417 atque
312 4348 388 4402 omni
419 4349 522 4416 populo
556 4347 786 4415 circumfusisque

66 4421 190 4489 undique
209 4420 371 4475 mulieribus
391 4425 420 4473 et
408 4419 603 4472 tinfautibns.
643 4418 706 4486 78,
720 4419 737 4469 2
757 4422 787 4471 et

66 4497 135 4546 nata
148 4492 238 4545 fertur
250 4491 438 4561 pestilentia'
431 4509 458 4542 ιιι
474 4489 679 4543 Babvlonia-
700 4492 785 4557 atque

66 4565 132 4617 inde
150 4563 269 4617 Parthos
288 4563 440 4645 orbemque
460 4562 620 4629 complesse.
657 4560 704 4614 AC
723 4560 749 4628 8,
769 4562 785 4613 2

66 4636 141 4703 quud
160 4637 220 4687 tam
238 4634 313 4687 mitis
333 4641 408 4688 esset
427 4634 454 4685 iu
480 4633 589 4685 hostem
613 4650 694 4685 suum
714 4632 785 4685 eius-

67 4724 121 4774 que
134 4706 237 4759 liberos
255 4712 284 4759 et
296 4706 424 4759 adfectus
439 4708 523 4772 atque
537 4721 639 4763 omnes,
659 4721 728 4772 quos
742 4735 784 4758 -.

66 4777 121 4830 Ma
141 4778 164 4839 7,
184 4777 201 4829 3
220 4777 326 4830 vocatis
345 4776 442 4830 amicis
461 4783 490 4827 et
503 4775 653 4844 praefectis
672 4780 703 4827 ut
723 4793 785 4828 suc-

66 4866 205 4902 cessorem
225 4866 289 4901 eum
306 4848 417 4916 imperii
436 4847 563 4900 omnibus
579 4847 785 4900 commendavit

67 4926 153 4988 utrque
177 4920 298 4972 firmavit
323 4920 475 4986 statimque
500 4918 579 4986 signo
598 4949 633 4956 --
652 4919 717 4971 dato
738 4938 784 4979 -;

66 4992 129 5051 ue
152 4993 238 5058 atque
265 4991 337 5044 hauc
366 4994 455 5043 totam
483 4991 571 5058 legem
603 4989 637 5042 de
665 4989 784 5042 adserti-

66 5062 165 5116 onibus
178 5062 300 5116 firmavit
313 5062 436 5128 aliasque
451 5062 485 5112 ds·
498 5061 642 5113 mensariis
657 5064 685 5113 et
699 5061 784 5113 aucti·

66 5136 166 5188 onibus
185 5133 263 5197 tulit3
287 5134 329 5198 15,
349 5133 365 5185 3
384 5139 415 5184 ιι1
436 5132 500 5184 Veri
519 5132 588 5184 vitia
607 5137 631 5183 et
650 5133 785 5185 celaverit

1510 486 1564 538 515

844 653 869 701 et
896 646 1064 709 defenderit,
1093 677 1126 686 -
1155 649 1346 714 mortuumque
1373 663 1436 699 enm
1465 644 1561 698 divum

844 718 1029 787 appellaverit
1046 718 1198 786 amitaeque
1216 717 1274 771 eius
1289 723 1314 770 et
1332 734 1439 771 sorores
1453 718 1563 771 honori·

845 791 896 843 bns
924 795 949 843 ct
976 789 1084 842 salariis
1113 789 1234 843 decretis
1267 788 1458 843 sublevaverit
1484 795 1564 856 atquc

844 861 1005 930 provexerit
1017 860 1153 928 sacrisque
1166 878 1229 913 eum
1239 860 1366 928 plurimis
1377 860 1563 914 honoraverit.

844 932 878 996 cs.
890 933 949 984 Ael.
961 931 987 1001 5,
999 932 1033 984 10
1043 932 1201 985 cursoribus
1212 933 1268 984 suis
1284 963 1315 971 -
1331 932 1389 985 alas
1400 931 1563 999 frequenter

845 1002 976 1071 adposuit
1000 1020 1102 1070 eosque
1127 1005 1274 1056 ventorum
1297 1002 1455 1056 nominibus
1479 1019 1564 1071 saepe

844 1074 984 1140 vocitavit,
998 1073 1117 1128 Boream
1131 1075 1225 1137 alium,
1238 1074 1323 1127 alium
1336 1073 1440 1127 Notum
1454 1073 1564 1126 etitem

844 1145 1008 1213 Aquilonem
1030 1150 1079 1199 ant
1092 1145 1213 1199 Circium
1232 1146 1388 1213 ceterisque
1405 1144 1564 1198 nominibus

844 1217 1228 1342 ιιιιιειιιιι
1252 1216 1564 1356 sennenn

844 1359 905 1429 puit
927 1359 1026 1412 humili
1044 1363 1126 1412 natus
1155 1360 1214 1413 loco
1239 1362 1268 1413 et
1291 1360 1377 1413 animi
1401 1361 1487 1427 atque
1507 1358 1563 1412 oris

844 1430 1025 1483 inverecundi
1038 1448 1123 1498 seque
1137 1449 1209 1484 nnnc
1223 1429 1299 1483 Sum
1312 1449 1385 1483 nunc
1399 1431 1515 1482 Antum
1527 1461 1558 1469 -

844 1501 1017 1570 nuncupavit
1040 1501 1191 1570 statimque
1216 1502 1250 1555 ad
1275 1502 1380 1555 bellum
1398 1501 1564 1555 Parthicum

844 1572 988 1640 proiectus
1017 1603 1058 1626 -.
1087 1572 1140 1626 Dd.
1164 1572 1222 1635 3,1
1253 1573 1334 1641 signa
1358 1573 1385 1625 in
1411 1572 1509 1625 castris
1533 1576 1562 1625 et

844 1644 944 1697 vexilla
962 1643 1023 1696 lieri
1038 1644 1228 1697 Antoniniana
1241 1644 1322 1698 iussit
1333 1644 1456 1712 fecitque
1471 1643 1564 1696 Bassi-

844 1714 889 1767 ani
909 1714 1060 1768 simulacra
1079 1732 1112 1768 ex
1131 1732 1198 1768 auro
1222 1718 1307 1782 atque
1326 1719 1454 1784 argento,
1477 1717 1562 1783 atque

844 1785 903 1838 dies
923 1787 937 1838 7
958 1786 1124 1855 supplicatio
1148 1818 1182 1825 -
1205 1788 1348 1840 celebrata
1371 1792 1422 1839 est.
1465 1785 1482 1839 S
1501 1785 1526 1852 3,
1547 1787 1561 1838 7

843 1857 998 1909 studiorum
1027 1874 1220 1925 sacrorumque
1242 1875 1325 1911 causa
1350 1864 1374 1911 et
1397 1875 1512 1926 opernm
1531 1874 1565 1911 ac

845 1932 1024 1984 vetustatum.
1065 1928 1125 1981 Hel.
1153 1928 1195 1992 19,
1224 1928 1239 1979 7
1263 1929 1365 1982 stravit
1388 1934 1417 1982 et
1440 1928 1563 1981 triclinia

844 2000 878 2052 de
888 2016 952 2052 rosa
962 2004 992 2052 et
1005 2001 1094 2054 lectos
1105 2001 1135 2054 at
1144 1999 1276 2068 portione,
1291 2017 1324 2054 ac
1334 2001 1374 2053 sic
1385 2017 1418 2053 ea
1429 1999 1563 2054 deambu-

843 2071 921 2138 lavit,
949 2070 1034 2138 idque
1063 2072 1164 2139 (deque
1193 2072 1297 2125 Petecb.
1326 2088 1350 2125 o.
1374 2078 1468 2125 contro
1492 2071 1562 2125 Noe.

845 2140 905 2195 obs.
926 2158 956 2208 p.
976 2146 1022 2202 391
1046 2143 1122 2195 omni
1147 2142 1247 2195 florum
1270 2160 1381 2211 genere.
1420 2142 1463 2196 As
1484 2141 1525 2208 16,
1546 2143 1560 2193 1

844 2244 876 2252 -
906 2213 966 2266 eine
994 2213 1030 2265 28
1057 2214 1124 2266 iuris
1151 2214 1250 2282 peritis
1275 2218 1305 2266 et
1333 2213 1501 2267 doctissimis
1530 2229 1563 2267 ac

844 2284 1016 2352 sapientibus
1036 2284 1102 2337 viris
1126 2285 1272 2352 isdemque
1297 2284 1487 2338 disertissimis
1506 2302 1562 2336 non

843 2356 934 2408 minus
953 2355 1000 2418 c0;
1021 2355 1063 2416 28,
1083 2357 1100 2408 2
1119 2356 1265 2425 appellans
1284 2356 1397 2410 eosdem
1411 2387 1443 2396 -
1457 2373 1520 2409 reos
1534 2358 1564 2408 et

845 2426 980 2479 damnans
993 2427 1128 2480 acerrime
1142 2444 1175 2480 ac
1189 2428 1262 2481 solos
1272 2428 1367 2481 hostes
1380 2427 1563 2494 inimicosque

843 2498 883 2550 rei
903 2516 929 2566 p.
943 2514 1059 2560 vocans3
1079 2498 1121 2559 53,
1137 2498 1153 2550 2
1174 2515 1236 2552 cum
1249 2498 1427 2553 Antiochiam
1439 2498 1565 2552 venisset

845 2584 878 2621 ac
905 2568 1006 2622 milites
1036 2569 1154 2623 lavacris
1182 2570 1365 2623 muliebribus
1398 2573 1428 2623 et
1455 2569 1563 2623 deliciis

843 2642 978 2693 vacarent
1002 2640 1083 2707 eique
1105 2641 1267 2694 nuntiatum
1286 2646 1370 2710 esset,
1396 2659 1492 2694 omnes
1512 2658 1562 2694 eos

845 2711 1035 2778 conprehendi
1058 2712 1140 2765 iussit
1159 2715 1188 2764 et
1210 2713 1240 2764 in
1263 2713 1354 2766 vincla
1373 2713 1470 2766 conici.
1509 2711 1561 2765 Gd.

842 2781 922 2835 3118
948 2799 1043 2835 amore
1071 2784 1165 2852 populi
1185 2784 1264 2837 Rom.
1291 2788 1320 2837 et
1348 2788 1461 2837 senatus
1489 2783 1563 2836 circa

844 2852 945 2906 Gdum
965 2858 996 2907 et
1014 2853 1099 2907 totius
1119 2855 1232 2908 Africae
1252 2873 1284 2909 ac
1304 2855 1400 2924 Syriae
1419 2855 1562 2922 totiusque

844 2924 919 2977 orbis
938 2924 1066 2978 Romani.
1103 2926 1157 2978 MA
1178 2926 1219 2991 16,
1240 2928 1254 2978 1
1275 2927 1407 2979 ιι1-111
1431 2926 1518 2979 filium
1537 2932 1562 2979 et

844 2995 881 3062 [C.
885 2995 942 3064 nm]
962 2995 1075 3064 quidem
1089 2997 1239 3050 scelestum
1258 3003 1337 3064 utque
1354 2998 1485 3065 inpurum
1505 2997 1561 3051 cito

843 3083 947 3120 nomen
975 3067 1103 3122 Caesaris
1132 3069 1305 3137 (contulerit)
1330 3074 1355 3122 et
1377 3086 1441 3123 mox
1470 3085 1563 3122 sacer-

844 3137 950 3190 dotium
970 3139 1118 3206 statimque
1137 3156 1237 3191 nomen
1256 3139 1349 3208 impis
1368 3156 1401 3193 ac
1427 3139 1561 3208 triumphi

842 3209 1087 3276 participationem
1099 3216 1122 3262 ct
1136 3212 1319 3264 consulatum.
1356 3210 1379 3262 V
1398 3211 1423 3272 4,
1438 3211 1454 3262 6
1474 3210 1564 3263 fertur

843 3285 868 3331 et
886 3284 970 3332 nocte
988 3281 1098 3349 perpeti
1113 3282 1174 3333 alea
1192 3282 1299 3339 lusisse.
1316 3288 1441 3349 -atqua
1459 3281 1487 3334 iu
1500 3285 1562 3334 tan-

843 3352 904 3402 tum
918 3351 1048 3404 vitiorum
1064 3351 1233 3405 Gaianorum
1251 3359 1276 3406 ct
1294 3353 1518 3406 Neronianorum
1530 3370 1563 3407 uc

842 3421 1056 3475 Vitellianorum
1079 3423 1167 3476 fnisse
1186 3426 1334 3491 aemulum,
1359 3428 1391 3476 ut
1411 3428 1561 3493 vagaretur

843 3497 925 3546 nocte
944 3512 995 3562 per
1014 3493 1145 3547 tabernas
1165 3512 1197 3548 oc
1216 3496 1361 3564 lupanaria
1379 3527 1415 3534 —
1434 3502 1458 3548 ct
1478 3496 1561 3548 comi-

843 3567 952 3616 earetur
981 3583 1043 3618 cum
1062 3565 1227 3633 tricouibus.
1257 3600 1288 3608 -
1318 3583 1488 3636 saepeque
1517 3567 1557 3619 ef-

842 3635 949 3689 flictum
976 3636 1064 3689 livida
1090 3638 1162 3690 facie
1188 3637 1293 3691 redisse
1327 3644 1352 3691 et
1375 3638 1405 3690 in
1432 3638 1560 3691 tabernis

842 3709 978 3774 agnitum.

879 3779 905 3840 7)
928 3785 994 3844 post
1022 3780 1169 3848 asyndcmn
1201 3781 1230 3833 in
1260 3781 1314 3844 rinc
1345 3781 1560 3833 sustentantione.

843 3848 902 3905 76.
923 3849 940 3901 9
952 3867 1003 3918 per
1024 3882 1054 3890 -
1075 3851 1230 3905 maritimas
1243 3851 1372 3905 civitates
1387 3851 1468 3904 Asiae
1481 3850 1563 3904 Pam·

843 3920 951 3989 phyliae
963 3919 1137 3990 Ciliciaeque.
1164 3923 1187 3974 A
1199 3924 1221 3991 1,
1232 3923 1249 3974 5
1259 3922 1417 3976 Thersitem
1427 3922 1560 3976 Sinonem

844 3997 994 4059 ceteraque
1013 3993 1062 4046 illa
1073 3993 1203 4062 prodigia
1222 3995 1380 4048 vetustatis.
1418 3992 1475 4046 ClA
1488 3994 1561 4053 14,5
1583 4061 1584 4064 ¹

842 4064 982 4116 hominem
1002 4064 1078 4116 scitis
1092 4065 1170 4118 vobis
1189 4065 1324 4119 militibus
1343 4065 1501 4134 populoque
1522 4066 1561 4118 vi-

841 4134 968 4187 tandum.
1006 4135 1057 4187 Dd.
1078 4135 1102 4200 6,
1124 4136 1158 4188 10
1176 4141 1208 4189 ut
1220 4137 1463 4191 commendaretur
1482 4155 1559 4192 exar-

842 4205 908 4257 citui
929 4206 1037 4259 senatui
1050 4208 1208 4276 populoque
1221 4208 1300 4262 Rom.
1316 4207 1385 4261 Gall.
1405 4209 1448 4275 21,
1463 4208 1479 4261 6
1499 4226 1561 4262 cnm

841 4276 987 4329 lenonibus
1006 4277 1097 4330 mimis
1117 4279 1282 4347 scurrisque.
1322 4280 1386 4333 Tac.
1409 4281 1435 4345 4,
1454 4281 1470 4330 4
1491 4281 1558 4333 odel.

842 4347 916 4414 quod
948 4348 1050 4401 bonum
1080 4349 1205 4402 faustum
1237 4351 1415 4418 salutareque
1441 4351 1490 4411 sit3
1522 4352 1556 4415 cf.

842 4419 933 4540 infrq
936 4420 1012 4485 18
997 4420 1022 4473 2.
1061 4419 1150 4486 AC6,
1170 4421 1187 4473 2
1212 4438 1290 4474 arma
1312 4422 1493 4475 militum—
1516 4439 1558 4473 re-

842 4489 941 4557 spexit,
961 4464 1123 4545 -delicias
1143 4509 1286 4546 omnes-
1299 4493 1450 4546 summovit
1468 4492 1561 4546 iussit·
1580 4543 1583 4551 ,

842 4579 947 4628 qur—-
995 4561 1040 4616 Cc
1063 4562 1089 4628 3,
1109 4563 1125 4615 2
1150 4562 1320 4631 Capitolium
1343 4564 1424 4633 petit,
1453 4581 1500 4616 eos
1524 4594 1559 4602 —

842 4635 885 4685 est
905 4633 1049 4686 adlocutus
1069 4606 1247 4701 innitensque
1262 4635 1415 4703 Papiniano
1429 4640 1458 4687 et
1470 4634 1560 4687 Ciloni

840 4735 875 4743 —
894 4704 977 4758 redit.
1015 4704 1074 4756 Car.
1095 4706 1149 4767 2,2
1168 4705 1297 4759 fundavit
1317 4706 1461 4759 constituit
1479 4705 1561 4759 robo-

842 4776 976 4842 ravitque.
1014 4776 1038 4828 A
1057 4777 1081 4834 7,
1101 4778 1117 4829 4
1137 4782 1168 4828 ut
1181 4777 1297 4829 duarum
1316 4778 1446 4831 arborum
1465 4776 1560 4846 capita

841 4847 1006 4909 inflecteret,
1035 4848 1071 4900 ad
1097 4848 1183 4916 pedes
1211 4849 1309 4902 militis
1338 4850 1475 4917 deligaret
1498 4866 1560 4902 eas-

842 4919 960 4985 demque
984 4919 1075 4971 subito
1100 4919 1320 4973 dimitteretet
1279 4923 1320 4987 (et
1339 4927 1403 4987 post
1425 4921 1481 4973 inti.
1506 4922 1558 4975 ins.

841 4990 924 5043 Stilus.
953 4990 1074 5053 Bactri.
1112 4991 1157 5047 Pr
1187 4992 1228 5055 12,
1253 4993 1268 5043 7
1296 4991 1423 5060 luppiter
1452 4991 1482 5044 0.
1511 4992 1559 5054 M,

840 5060 910 5113 Inno
928 5061 1025 5130 regina
1042 5063 1129 5129 inque
1147 5035 1282 5115 virtulum
1299 5082 1332 5131 pr
1335 5064 1409 5116 aesul
1423 5063 1557 5125 Minerva,

841 5136 871 5183 tn
900 5133 975 5185 orbis
994 5131 1150 5186 Concordia
1173 5138 1203 5186 et
1221 5136 1252 5186 tn
1277 5135 1402 5189 Romana
1424 5135 1557 5199 Victoria,

1347 5223 1395 5277 33
