3600 5834
150 519 204 574 638
847 522 939 585 quod

152 711 184 722 —
204 679 326 741 fuerunt,
356 682 388 731 ut
416 710 458 730 —.
497 678 558 732 Car.
583 680 607 735 9.
628 679 645 730 4
667 679 775 731 Bonum
794 678 870 748 prin·
922 677 1085 744 orationem,
1108 696 1161 747 qua
1180 680 1368 734 invehendum
1388 679 1497 733 eratin
1516 677 1636 733 fratrem.

152 751 242 821 cipem
256 749 456 804 Carumfuisse
475 767 539 803 eum
557 749 647 803 multa
664 749 792 803 indicant
809 751 870 802 tum
922 749 946 801 V
966 749 1044 816 11,2
1071 750 1158 803 Nota
1186 754 1238 805 est
1265 751 1382 805 fabula
1404 782 1449 816 —,
1479 770 1505 819 q.
1533 754 1637 819 partem

151 823 218 875 illud
238 822 331 883 etiam,
355 840 380 889 q.
401 849 433 858 —
454 820 594 881 contudit;
622 821 700 887 15‚4
724 821 780 875 iam
800 820 869 874 illud
923 819 1023 874 vulsae
1042 837 1150 876 veneno
1169 822 1375 877 inlitam—ld.
1389 821 1464 876 Vero
1477 822 1636 890 porrexerit·

151 898 249 948 notum
268 896 409 960 astatque
430 892 584 961 vulgatum,
604 893 677 960 quod
697 902 744 956 (aa
758 896 869 960 proni)
923 891 977 944 MA
995 891 1037 954 23,
1057 891 1074 944 9
1092 893 1182 947 fama
1199 893 1267 947 fnit
1285 924 1330 959 -,
1349 911 1373 961 q.
1394 923 1429 933 -
1449 892 1567 960 quidam
1583 910 1637 946 rem

150 995 185 1003 -
205 965 306 1018 dixisse
324 963 427 1016 fertur:
452 963 524 1016 Max.
545 963 569 1026 6,
589 963 606 1016 9
624 963 681 1016 iam
701 962 763 1016 illa
782 980 869 1032 prope
943 1005 947 1014 .
968 966 1104 1017 vexarent
1118 967 1147 1018 at
1159 965 1297 1034 privatos;
1315 964 1389 1028 aab
1408 963 1526 1018 fui-t-
1538 965 1637 1034 populo

150 1036 179 1089 in
198 1035 273 1104 vulgi
291 1053 338 1088 ore
358 1036 424 1088 6661
442 1035 542 1103 posita,
561 1052 587 1102 q.
607 1050 722 1088 amaras
741 1034 869 1088 manibus
922 982 976 1088 bio
994 1051 1103 1089 sermo
1122 1065 1164 1097 -,
1184 1054 1209 1105 q.
1229 1036 1361 1106 populum
1379 1066 1415 1075 —
1433 1035 1526 1089 vallet
1543 1052 1638 1105 cogere

151 1107 346 1171 adtraheret,
383 1105 499 1158 raedam
536 1109 664 1159 onustam
700 1104 774 1158 solus
811 1123 869 1159 mo·
923 1105 958 1158 ad
977 1105 1188 1175 philosophiam.
1225 1106 1311 1174 v10‚
1332 1109 1346 1160 1
1366 1105 1445 1159 Fuit
1464 1123 1590 1161 sermo.
1614 1126 1636 1175 q.

150 1182 237 1243 verat,
257 1208 298 1231 -.
337 1177 395 1232 Ael.
407 1177 463 1237 116
482 1176 538 1230 iam
554 1176 604 1229 illa
622 1176 870 1244 frequentantura
922 1180 952 1229 et
992 1193 1102 1230 socrum
1142 1177 1304 1231 Faustinam
1346 1178 1526 1233 incestasset.
1573 1177 1637 1232 adde

148 1248 298 1305 nonnullis.
319 1265 344 1315 q.
365 1253 394 1301 et
413 1247 634 1301 accubitationes
653 1264 685 1301 ac
704 1264 815 1300 mensas
834 1247 869 1301 da
922 1246 968 1300 Ai'
981 1247 1007 1311 8,
1026 1249 1043 1301 9
1061 1248 1235 1318 Repentinus
1254 1248 1430 1320 ⁸<fabula>
1455 1248 1568 1303 famosa
1594 1251 1637 1307 iric

150 1320 220 1373 rosis
239 1336 271 1373 aa
295 1318 360 1373 liliis
379 1318 491 1381 fecerit;
516 1319 539 1386 5,
560 1319 594 1371 10
616 1318 672 1372 iam
691 1318 739 1371 illa
756 1317 869 1380 leviora,
922 1318 1005 1383 Nou.)
1025 1337 1172 1388 percussus
1191 1324 1243 1384 est,
1256 1339 1282 1389 q.
1301 1337 1353 1388 per
1366 1320 1555 1374 concubinam
1568 1321 1638 1389 prin·

150 1411 176 1459 q.
195 1391 354 1445 cursoribus
373 1390 429 1442 suis
447 1421 482 1428 -
501 1390 558 1442 alas
571 1419 606 1429 -
619 1389 749 1457 adposuit
767 1405 869 1457 eosque
922 1389 991 1459 cipis
1010 1391 1046 1443 ad
1064 1391 1270 1460 praefecturam
1289 1391 1412 1445 venisset
1439 1397 1466 1445 st
1489 1391 1545 1445 MA
1567 1391 1637 1451 itari

150 1466 296 1516 ventorum
315 1461 474 1515 nominibus
493 1477 576 1529 saepe
590 1460 732 1515 vocitavit.
764 1459 869 1522 slat
921 1464 953 1514 ut
972 1461 1056 1515 etiam
1076 1462 1112 1514 M.
1132 1463 1160 1515 in
1179 1479 1336 1517 sermonem
1354 1463 1474 1527 venerit,
1493 1479 1520 1531 q.
1541 1462 1637 1517 Varum

150 1533 231 1587 buius
261 1534 410 1602 magnilica
446 1532 505 1585 illa:
543 1549 568 1598 q.
606 1562 640 1571 -
678 1532 869 1600 praetorianas
921 1550 1076 1586 -veneno
1089 1533 1130 1587 ita
1141 1534 1247 1601 tulerit,
1261 1537 1377 1586 ut-et
1396 1532 1556 1597 v10,4ut
1574 1533 1633 1586 ‘sibi

150 1606 279 1658 cohortes
316 1602 519 1667 exauctoravit,
556 1602 633 1656 Pom
672 1632 701 1642 -
741 1602 768 1654 iu
801 1603 868 1658 daos
922 1605 975 1658 hoc
1002 1622 1112 1673 quoque
1139 1605 1317 1673 usurpaverit
1344 1622 1448 1668 rumor,
1476 1623 1502 1673 q.
1528 1604 1638 1659 inierint

151 1675 268 1743 rettulit,
288 1706 331 1727 —.
369 1673 409 1727 (ll.
430 1673 472 1737 18,
490 1674 507 1725 4
526 1691 626 1726 unum
645 1704 679 1712 -
698 1676 793 1728 tacere
812 1692 869 1728 non
923 1675 1066 1729 consilium
1094 1676 1131 1729 ad
1159 1676 1283 1730 Marcum
1302 1693 1318 1729 e
1336 1676 1396 1729 vita
1413 1675 1580 1729 tollendum.
1607 1706 1637 1717 -·

151 1748 248 1814 debeo,
272 1765 298 1813 q.
323 1745 399 1798 illum
423 1749 452 1797 et
475 1761 533 1798 sen.
560 1746 654 1814 <et>
675 1762 738 1814 pop.
768 1776 800 1785 —
829 1744 869 1799 sic

151 1819 257 1884 dilexit,
276 1822 307 1870 ut
327 1849 368 1871 -.
406 1816 473 1869 adda
492 1814 514 1867 Τ
533 1814 558 1883 9,
579 1818 592 1867 1
614 1833 720 1884 neque
739 1815 773 1868 in
793 1833 868 1883 quo-

150 1907 246 1959 quam
264 1888 385 1941 melius
399 1887 557 1941 consultum
570 1887 610 1940 rei
624 1905 649 1955 p.
664 1917 698 1925 -
711 1886 868 1955 videbatur,

151 1977 248 2030 quam
267 1959 362 2029 quod
383 1990 412 1998 —
435 1962 545 2012 creatus
565 1962 608 2011 est
626 1958 701 2025 imp..
720 1958 767 2026 qui
780 1989 822 2014 -.
834 1989 867 1999 -

150 2035 176 2094 11
208 2030 253 2084 AC
287 2031 312 2097 7,
340 2031 356 2082 2
384 2030 473 2083 hane
501 2032 610 2082 artem
642 2028 802 2082 adhibuisse
833 2061 867 2068 —

151 2103 274 2158 Cassium
295 2137 336 2162 -,
355 2120 381 2170 q.
402 2101 508 2154 diceret
526 2132 563 2153 -.
596 2099 668 2153 Max.
686 2100 725 2158 11,
738 2101 868 2154 3causa

151 2173 363 2228 --iracundiae
382 2178 480 2226 contra
500 2171 586 2224 filium
605 2172 688 2224 haec
706 2172 769 2231 fuit.
788 2190 813 2240 q.
833 2203 865 2212 —

150 2246 268 2298 iusserat
286 2275 318 2284 -
340 2248 369 2297 61
387 2245 434 2297 1116
457 2274 493 2283 -
516 2243 687 2311 neglexerat.
726 2242 769 2296 AS
788 2242 867 2306 63,5

150 2317 239 2370 (lausa
266 2314 412 2370 occidendi
441 2314 499 2367 eius
528 2315 564 2367 ab
593 2314 655 2367 aliis
683 2313 753 2367 haec
781 2313 867 2367 fuisse

149 2387 320 2456 perhibetur,
350 2404 375 2454 q.
404 2390 494 2439 mater
517 2385 576 2438 eius
600 2416 632 2425 -
657 2384 744 2438 vellet
765 2384 866 2438 redire.

150 2458 193 2511 Pr.
203 2457 246 2522 20,
259 2458 276 2509 2
289 2474 389 2511 666666
407 2456 553 2511 occidendi
572 2456 631 2509 eius
650 2456 720 2509 baec
739 2455 866 2509 fuerunt:

149 2529 269 2598 primum
288 2547 313 2597 q.
334 2546 428 2596 numq.
448 2528 566 2580 militem
586 2527 705 2581 otiosum
726 2543 786 2580 esse
806 2543 867 2595 per·

149 2618 245 2670 pessus
265 2606 316 2664 est,
335 2631 377 2653 —.
416 2598 487 2653 Gall.
510 2601 563 2667 l,4
583 2614 683 2651 causae
703 2597 866 2652 Macrino..

149 2671 306 2740 imperandi
329 2688 392 2723 cum
416 2670 479 2723 liliis
504 2670 573 2722 hoco
590 2669 717 2722 fuerunt:
745 2669 866 2737 primum

150 2763 175 2811 q.
196 2760 276 2796 nemo
295 2760 327 2795 eo
347 2747 473 2810 tempore
493 2741 645 2810 sapientior
664 2741 765 2793 ducum
781 2740 866 2793 baba-

149 2816 240 2871 batur.
261 2844 292 2853 -
313 2815 403 2867 letiam
421 2814 451 2865 in
469 2813 594 2866 lacunosa
615 2812 684 2865 ritae
698 2810 767 2864 Gall.
788 2812 866 2865 initio

149 2891 170 2943 1.
199 2891 214 2939 1
240 2885 281 2939 bis
311 2885 380 2937 trud.
413 2884 513 2951 quod);
543 2884 568 2951 3,
599 2883 617 2935 8
648 2889 659 2936 1
690 2881 737 2936 1116
773 2882 866 2952 specie

149 2957 290 3017 decoris,
303 2973 327 3023 q.
342 2960 423 3024 pater
442 2955 500 3008 cius
520 2954 634 3007 virtutis
653 2954 745 3007 studio
765 2954 866 3022 decep·

148 3031 193 3080 tus
223 3027 374 3095 videretur,
403 3043 487 3095 supra
517 3026 630 3078 modum
661 3026 782 3078 laetatus
814 3028 865 3078 est.

149 3098 196 3151 ΡΝ
215 3099 241 3165 2,
260 3099 275 3150 7
296 3115 346 3167 par
376 3132 407 3140 -
435 3097 571 3150 insania
589 3095 668 3163 luit,
688 3113 714 3163 q.
738 3113 801 3149 cnm
821 3095 865 3148 So

149 3187 183 3222 ex
209 3169 359 3223 interdicto
388 3169 424 3222 de
451 3168 569 3237 imperio
601 3166 712 3234 egisse
742 3167 864 3221 fertur.

149 3240 213 3294 Tac.
232 3241 257 3306 9,
277 3241 294 3293 6
314 3240 416 3293 dieitur
434 3271 468 3278 —
489 3241 608 3292 laetatus
627 3242 741 3291 senatus
761 3238 864 3291 liber-

148 3315 229 3375 tate,
258 3331 284 3380 q.
313 3312 337 3364 ei
368 3313 487 3377 negatus
515 3314 559 3363 661
587 3311 755 3371 consulatus,
782 3326 865 3377 quem

148 3384 228 3436 fratri
248 3384 375 3452 petierat.
408 3382 431 3433 V
449 3381 505 3445 3,5
524 3399 575 3435 nec
595 3380 691 3433 aliud
711 3380 737 3434 ei
755 3380 864 3433 honori·

148 3455 276 3508 licentiae
297 3454 353 3521 [ad]
373 3469 496 3506 nomen
515 3452 677 3506 adiunctum
697 3455 749 3513 est,
769 3469 865 3518 quam

149 3545 174 3593 q.
194 3526 312 3594 Augusti
334 3524 406 3577 lilius
430 3524 589 3592 appellatus
615 3527 666 3578 est.
704 3522 729 3575 H
747 3521 773 3585 3,
793 3523 809 3574 5
828 3523 864 3575 ad

148 3601 312 3666 perpetuam
351 3595 529 3649 tribuniciam
567 3597 737 3664 potestatem
769 3611 864 3647 omen

149 3668 201 3721 ribi
229 3667 336 3722 laetum
363 3667 477 3727 adserit,
510 3684 535 3733 q.
567 3666 700 3735 paenulas
731 3664 865 3725 amiserit,

149 3740 248 3806 quibus
274 3771 317 3790 -.
342 3737 396 3789 Dd.
422 3738 447 3804 5,
466 3738 483 3790 6
503 3738 573 3790 haec
596 3741 680 3805 atque
700 3736 754 3789 alia
773 3738 865 3789 omina

149 3810 234 3863 luisse
255 3841 295 3866 -.
315 3809 364 3862 sed
383 3809 466 3861 illud
487 3807 644 3876 praecipue,
662 3825 687 3874 q.
703 3838 731 3846 -
748 3824 865 3875 puerum

150 3881 268 3934 delinxit
287 3882 361 3942 11661.
399 3882 442 3933 AS
468 3881 508 3937 13,
531 3881 599 3931 1-2
619 3878 736 3932 Omina
755 3877 863 3946 imperii

148 3953 231 4006 baec
261 3952 372 4004 habuit:
400 3950 521 4020 primum
549 3969 574 4018 q.
598 3981 627 3989 -
657 3949 758 4002 deinde
780 3971 805 4017 q.
831 3980 865 3988 -

148 4023 232 4076 tertio
252 4041 278 4090 q.
298 4054 328 4062 -
350 4028 409 4074 tum
428 4030 577 4090 praeterea
595 4040 621 4088 q.
647 4051 676 4060 —
702 4026 762 4073 tum
786 4036 864 4087 prae·

150 4097 226 4147 terea
246 4112 271 4162 q.
291 4124 333 4150 -.
354 4093 375 4156 Q
395 4094 419 4150 2,
439 4097 455 4144 2
476 4099 505 4145 et
523 4093 561 4145 illi
580 4091 693 4159 quidem
721 4126 754 4134 -
783 4091 864 4144 haec

149 4166 208 4219 sola
225 4165 314 4218 ratio
333 4164 395 4224 fuit,
415 4185 440 4232 q.
461 4163 573 4216 (licebat
590 4194 633 4215 —.

184 4236 253 4302 3)A
283 4236 362 4297 ‘244
390 4234 476 4287 nihil
505 4237 557 4286 est
585 4232 670 4300 quod
699 4234 734 4285 de
762 4232 864 4285 civium

151 4324 272 4360 incorum
301 4322 369 4359 nece
399 4306 537 4373 cogites.
566 4305 645 4359 aliter
673 4303 740 4371 Qo,
759 4304 776 4355 4
795 4303 864 4356 nihil

149 4384 191 4431 est
218 4410 261 4437 —‚
294 4400 319 4445 q.
353 4377 453 4429 timere
483 4376 603 4445 possitis.
636 4405 671 4414 -
698 4375 726 4441 4]
746 4401 778 4418 =
799 4385 865 4427 ‘was

148 4451 198 4503 dus
215 4450 323 4514 betriii't,
347 4448 411 4501 class
430 4453 481 4499 -'.
519 4446 565 4500 AC
583 4447 609 4509 2,
628 4446 645 4499 8
664 4462 730 4498 nam
749 4463 774 4513 q.
795 4445 864 4499 dicis

148 4521 241 4574 liberis
253 4520 322 4573 meis
337 4519 491 4572 cavendum
506 4536 565 4571 esse
579 4522 669 4570 morte
682 4517 767 4569 illius:
781 4517 864 4586 plane

148 4593 228 4645 liberi
247 4591 301 4644 snei
319 4595 445 4659 pereant,
466 4591 488 4642 si
509 4620 549 4641 -.
587 4589 631 4642 AS
650 4588 693 4651 38,
711 4589 728 4639 4
747 4605 784 4641 es.
803 4586 864 4657 pul-

149 4665 243 4717 chrum
276 4683 302 4730 q.
335 4662 413 4714 vides
445 4677 505 4714 esse
537 4664 661 4714 nostrum
693 4677 797 4727 regem,
830 4690 864 4699 -

152 4734 361 4803 <pulchrum>
385 4736 501 4785 venatus
515 4731 583 4784 facit
596 4736 626 4784 et
638 4731 716 4799 lepus
730 4747 863 4784 comesus.

184 4807 220 4858 ll.
238 4821 301 4872 pro
320 4822 382 4857 occ.
402 4824 424 4858 c.
444 4806 453 4856 i
460 4804 502 4866 nt'.
535 4806 559 4863 11
581 4820 638 4856 curn
658 4802 725 4855 coiri.
763 4810 790 4862 6)
811 4801 863 4857 Gd.

150 4879 171 4931 4.
198 4879 215 4928 3
242 4878 306 4928 ium
336 4877 420 4928 illud
449 4875 516 4927 satis
544 4877 694 4941 constat,
723 4892 749 4941 q.
777 4873 863 4925 filium

149 4981 180 4987 -
196 4948 270 5000 Anti
286 4948 364 5013 siguo
377 4946 603 4999 inlustraverit.
635 4944 680 4996 ΡΝ
697 4944 738 5008 12,
751 4944 768 4996 3
782 4945 862 5013 Apud

149 5038 243 5072 omnes
272 5020 389 5085 constat,
418 5036 452 5085 q,
473 5018 494 5069 si
521 5034 612 5069 rerum
632 5015 738 5084 potitus
756 5015 863 5073 fuisset,

149 5091 240 5142 onnria
259 5096 434 5142 correcturus
453 5088 547 5146 inerit.
567 5104 637 5155 qnam
658 5118 699 5141 —.
737 5085 781 5140 Cr.
801 5087 826 5154 8,
846 5087 863 5138 6

149 5167 200 5214 est
219 5161 302 5214 etiam
322 5161 406 5214 liaeo
424 5160 480 5212 fab
491 5159 569 5219 ella,
583 5178 607 5226 q.
622 5158 729 5211 dictare
743 5158 864 5211 noluerit

921 1746 950 1805 b)
978 1746 1002 1798 A
1025 1745 1086 1809 4,6
1114 1747 1212 1800 addit
1239 1747 1324 1801 etiam
1352 1747 1428 1813 illud,
1455 1752 1486 1815 q.
1516 1748 1632 1801 vinctum

921 1816 1045 1872 fasceola
1064 1820 1142 1871 A.um
1163 1817 1256 1885 aquila
1274 1818 1387 1872 innoxie
1406 1818 1441 1872 de
1461 1818 1541 1872 cunis
1568 1818 1635 1872 lera-

921 1888 994 1942 verit
1013 1893 1042 1942 et
1060 1908 1107 1950 -;
1135 1889 1160 1954 2,
1182 1892 1196 1942 1
1221 1891 1406 1943 adserente
1425 1888 1586 1945 Tiberiano.
1610 1909 1632 1958 q.

921 1960 1007 2012 Pollio
1027 1959 1116 2013 multa
1135 1960 1282 2029 incuriose,
1310 1961 1399 2014 multa
1424 1961 1553 2014 breviter
1579 1978 1634 2030 pro·

922 2031 1045 2086 didisset
1082 2030 1128 2084 AG
1148 2031 1174 2093 9,
1192 2031 1209 2085 9
1228 2049 1292 2085 cum
1311 2033 1406 2086 dicat
1424 2031 1533 2085 Marius
1552 2062 1593 2092 -,
1609 2050 1631 2099 q.

921 2120 955 2156 ea
993 2102 1104 2156 conscia
1141 2101 1250 2156 Cassius
1281 2102 1430 2172 imperium
1467 2104 1632 2173 sumpsisset.

920 2173 969 2226 ΡΝ
987 2172 1043 2235 9,b
1063 2174 1097 2226 de
1115 2173 1168 2227 hoc
1188 2173 1324 2244 Septimio
1343 2173 1388 2228 So
1401 2177 1485 2228 vates
1501 2174 1631 2234 dixerunt

921 2263 946 2313 q.
966 2261 1056 2312 neque
1070 2244 1148 2298 vivus
1167 2262 1258 2313 neque
1278 2248 1403 2299 mortuus
1421 2245 1452 2297 in
1471 2249 1632 2313 potestatem

920 2315 957 2369 Si
977 2319 1110 2369 venturus
1129 2321 1212 2370 esset.
1249 2315 1304 2369 ΟΜ
1326 2317 1381 2381 14,1
1403 2316 1514 2384 dequo
1534 2316 1631 2369 dictum

920 2390 971 2453 est,
998 2405 1023 2454 q.
1052 2387 1081 2439 in
1109 2387 1212 2440 somnis
1240 2390 1305 2440 Ant.
1332 2386 1441 2441 fuisset.
1479 2386 1553 2440 Max.
1577 2387 1631 2448 9,i

921 2459 1026 2511 dictum
1055 2462 1098 2511 est
1126 2458 1159 2521 61,
1188 2476 1213 2525 q.
1234 2458 1362 2526 antiquos
1381 2475 1479 2512 versus
1503 2462 1629 2512 cantaret.

920 2529 986 2593 Τ6,
1005 2531 1022 2581 4
1040 2528 1082 2582 De
1101 2529 1162 2598 hoc,
1192 2548 1218 2597 q.
1239 2527 1405 2583 fortissimus
1433 2528 1522 2584 fuerit
1548 2534 1578 2583 et
1593 2560 1629 2585 —.

920 2617 936 2654 a
954 2601 1048 2654 multis
1067 2601 1156 2653 multa
1173 2618 1194 2653 s.
1215 2600 1297 2654 dicta.
1336 2599 1358 2652 P
1376 2598 1431 2663 a?
1456 2600 1577 2654 fictum
1594 2605 1630 2654 ast

920 2681 1023 2729 autem.
1042 2689 1068 2739 q.
1082 2671 1179 2724 morbo
1199 2674 1273 2725 esset
1292 2669 1321 2724 O.
1341 2671 1493 2726 extinctus.
1531 2671 1574 2726 DJ
1584 2672 1628 2729 a?

920 2760 982 2794 cum
1010 2742 1170 2811 fingeretur,
1198 2760 1224 2810 q.
1243 2759 1351 2797 veneno
1379 2760 1409 2796 66
1438 2743 1630 2811 absumpsisset

918 2812 973 2866 Jul.
1011 2813 1067 2867 GlA
1088 2813 1159 2879 12,8
1177 2812 1340 2884 fingentem,
1359 2831 1386 2881 q.
1406 2814 1442 2867 de
1462 2814 1628 2873 Ceioniorum

919 2888 1068 2940 stemmate
1092 2884 1257 2950 sanquinem
1285 2885 1414 2948 duceret3
1443 2887 1486 2951 14,
1506 2885 1627 2939 41161661

919 2973 988 3019 esse,
1017 2974 1042 3024 q.
1063 2973 1115 3025 ego
1134 2987 1168 2995 -
1186 2954 1353 3010 interiectus
1378 2972 1478 3010 essem.
1516 2955 1628 3009 11111

918 3028 1114 3096 iungentes,
1133 3046 1159 3094 q.
1180 3045 1215 3080 ne
1234 3027 1329 3080 amicis
1348 3027 1463 3095 quidem
1481 3026 1626 3081 servaverit

919 3098 1012 3153 fidem.
1050 3096 1103 3151 OM
1121 3098 1146 3159 ὁ,
1166 3097 1183 3149 9
1202 3099 1312 3151 litteras
1340 3098 1418 3152 misit
1445 3130 1481 3137 —
1510 3099 1627 3153 iurans.

919 3188 945 3237 q.
966 3169 1000 3222 do
1020 3170 1105 3222 caede
1124 3169 1196 3222 illius
1220 3169 1381 3223 nescierit.
1418 3168 1463 3223 AS
1481 3168 1527 3231 35,
1546 3169 1562 3222 6
1583 3168 1628 3223 sic·

918 3258 971 3308 que
1000 3240 1127 3294 omnibus
1155 3244 1393 3308 persuaserat,
1422 3259 1449 3309 q.
1473 3241 1511 3294 ad
1538 3246 1626 3294 nutum

918 3329 998 3364 suum
1026 3312 1120 3364 omnia
1148 3310 1266 3367 faceret.
1303 3312 1363 3365 Hel.
1388 3312 1469 3379 3l,4
1498 3312 1562 3366 avia
1585 3326 1627 3364 sua

919 3382 1003 3435 Varia
1021 3383 1252 3443 reclamante,
1271 3401 1296 3449 q.
1317 3381 1526 3445 (απτ-1661121
1545 3383 1627 3437 omnia

918 3453 1078 3522 perditurus
1098 3457 1179 3506 esset.
1216 3453 1242 3506 Η
1263 3455 1303 3513 11,
1326 3453 1361 3506 6?
1383 3471 1408 3508 o.
1427 3471 1450 3508 a.
1469 3454 1496 3507 A
1514 3453 1553 3507 ΙΙ
1566 3459 1580 3507 1
1595 3466 1625 3513 cl.

918 3524 964 3577 AC
983 3523 1008 3580 9.
1028 3524 1043 3575 7
1064 3523 1095 3576 V.
1114 3524 1182 3577 mibi
1211 3525 1245 3578 de
1274 3524 1373 3578 Avidio
1402 3542 1500 3578 vorum
1528 3524 1625 3593 scrip·

918 3598 1023 3657 serrat,
1052 3613 1076 3662 q.
1105 3607 1222 3663 cuperet
1248 3595 1394 3664 imperare.
1433 3595 1501 3662 Qa,
1521 3596 1538 3648 2
1556 3598 1625 3649 Auru

918 3697 952 3705 -
980 3682 1035 3718 non
1063 3666 1216 3735 scripsisse,
1244 3684 1270 3734 q.
1297 3670 1452 3736 tyrannum
1478 3666 1624 3727 occidisset,

919 3737 968 3790 sed
997 3756 1022 3804 q.
1042 3738 1227 3791 latrunculum
1258 3740 1396 3805 quendam
1416 3755 1434 3791 a
1452 3757 1482 3792 re
1502 3757 1528 3808 p.
1547 3754 1626 3793 remo·

919 3808 1012 3861 visset.
1034 3838 1065 3848 -
1086 3813 1110 3873 c)
1131 3808 1188 3863 Val.
1210 3811 1234 3869 1,
1254 3811 1270 3860 4
1290 3809 1484 3863 audivimus
1503 3813 1584 3873 carte,
1600 3825 1622 3875 q.

920 3878 994 3932 Galli
1012 3898 1059 3933 eos
1079 3879 1205 3934 vicerint.
1244 3879 1396 3941 (161136
1424 3881 1575 3951 cognito,
1599 3897 1622 3946 q.

919 3950 1076 4004 Macrianus
1095 3982 1129 3991 -
1156 3956 1232 4004 esset
1258 3952 1372 4006 occisus.
1410 3952 1455 4005 Pr.
1476 3951 1554 4017 10,8
1580 3949 1623 4004 cs

918 4022 998 4090 guito
1018 4052 1058 4081 -.
1083 4040 1108 4089 q.
1133 4022 1284 4090 imperaret
1307 4023 1352 4076 Pr.
1374 4022 1488 4081 116112,
1508 4024 1526 4075 9
1548 4038 1623 4076 corn-

918 4098 1029 4161 porto.
1049 4111 1074 4160 q.
1095 4092 1157 4147 Piso
1177 4098 1274 4146 contra
1293 4111 1323 4147 se
1342 4094 1464 4156 veniret:
1486 4093 1527 4159 17,
1550 4096 1564 4147 1
1581 4090 1622 4145 ubi

919 4164 954 4216 de
982 4163 1060 4217 Valo
1088 4166 1170 4232 patre
1198 4165 1341 4232 comperit.
1371 4184 1398 4233 q.
1427 4172 1525 4235 captus
1552 4174 1622 4218 esset.

920 4234 973 4287 OM
991 4235 1017 4298 3,
1036 4236 1052 4287 2
1075 4235 1298 4290 credentibus
1327 4237 1445 4299 cunctis,
1473 4255 1498 4305 q.
1517 4236 1535 4289 8
1553 4234 1622 4290 annis

919 4307 973 4359 AP.
1001 4307 1187 4374 imperaturus
1216 4311 1298 4361 esset.
1326 4308 1385 4361 siae
1411 4309 1491 4362 erebo
1516 4306 1622 4363 Tros

919 4377 1067 4445 ‘Regiliaui
1098 4394 1198 4430 nomen
1228 4378 1300 4431 unda
1330 4379 1471 4433 credimus
1502 4374 1623 4432 dictum?'

919 4447 988 4500 alius
1013 4448 1157 4502 continuo:
1186 4447 1341 4503 ‘Credimus
1360 4468 1386 4518 q.
1405 4468 1423 4504 a
1441 4450 1545 4518 regno'.
1579 4447 1622 4501 Dd.

920 4520 974 4579 1,2
994 4520 1275 4584 existimantium,
1295 4538 1321 4588 q.
1342 4538 1405 4574 cum
1426 4538 1460 4576 eo
1479 4522 1620 4576 Romanum

919 4594 993 4644 esset
1006 4592 1153 4659 imperium
1167 4591 1330 4658 periturum.
1368 4592 1430 4646 Hel.
1450 4594 1494 4655 21,
1510 4596 1523 4645 1
1539 4592 1620 4660 igno·

919 4662 1077 4715 rantibus
1096 4662 1212 4731 cunctis,
1237 4682 1263 4730 q.
1283 4665 1420 4717 exarmati
1441 4668 1543 4717 essent.
1577 4660 1619 4715 od.

917 4734 961 4795 22,
980 4732 997 4784 9
1017 4733 1208 4799 ignorantibus
1227 4735 1375 4803 veteranis,
1395 4756 1421 4802 q.
1436 4734 1523 4788 Gdur
1540 4732 1620 4787 adnle-

918 4821 998 4857 seens
1018 4805 1090 4857 solus
1109 4807 1220 4858 teneret
1234 4805 1389 4874 imperium.
1427 4805 1471 4859 As
1486 4806 1553 4872 17,1
1571 4808 1619 4856 tau·

918 4880 977 4928 tum
997 4877 1091 4928 odium
1110 4894 1171 4928 eum
1193 4878 1310 4930 tenebat
1337 4895 1443 4941 eorum,
1472 4878 1508 4931 de
1534 4875 1619 4944 quibua

918 4946 1008 5014 *apud
1046 4965 1075 5000 se
1106 4948 1302 5015 probatum,
1340 4968 1365 5016 q.
1396 4947 1474 5002 fures
1507 4947 1617 5002 fuissent

920 5018 974 5071 ClA
1002 5018 1074 5086 13,1
1107 5021 1138 5071 ut
1165 5019 1292 5087 plerique
1319 5023 1457 5088 putent,
1485 5038 1510 5088 q.
1538 5035 1569 5072 ex
1591 5030 1617 5067 eo

918 5106 1018 5143 nomen
1032 5090 1179 5158 acceperit.
1217 5090 1289 5143 Max.
1304 5090 1345 5149 17.
1359 5089 1377 5143 3
1394 5090 1516 5160 putabat
1532 5098 1618 5143 66166.

918 5178 953 5229 q.,
973 5161 995 5213 si
1009 5161 1055 5213 illa
1068 5161 1174 5215 Romae
1183 5161 1291 5226 luisset,
1302 5165 1344 5215 'et
1354 5161 1423 5216 nibil
1433 5178 1546 5215 ausurus
1557 5160 1617 5213 esset
